2597 4568
351 200 357 210 ’
432 218 622 330 '270
794 183 1258 341 Deportmio
1297 218 1377 304 in
1430 182 1711 311 nouam
1778 191 2213 366 Cambrinm
2336 289 2341 302 .

295 452 354 482 ’-
434 426 565 513 tis,
595 422 756 502 suo
794 425 1110 537 quisque
1139 419 1351 508 loco,
1406 374 2039 518 (Βοιιιιιιίὶίιιιιίιιε,Ι
2072 432 2281 532 stirpe
2322 445 2390 508 et
2418 456 2521 534 ge·

293 561 306 576 ·
429 561 644 627 nere,
723 541 950 616 animi
1004 537 1437 635 ingeniique
1498 527 1795 617 d'dtibus
1856 543 2225 643 conspicui
2282 549 2519 624 nostra·

337 737 342 746 ,
423 675 744 753 rumque
775 677 1020 730 rerum
1051 665 1414 739 amantes,
1463 650 1965 734 humaniffime
2010 682 2050 746 a
2073 661 2301 735 vobis
2336 683 2515 757 roga-

423 770 631 843 mini.
746 763 948 843 Inter
976 763 1122 865 ipsa
1153 765 1481 841 muneris
1530 767 1841 868 auspicia
1882 793 2127 850 nouus
2179 771 2513 850 Proreiior

295 869 346 972 ‚‘
419 880 754 988 suscipiet
787 894 954 958 vota
985 900 1124 992 pro
1152 900 1305 976 rep.
1356 879 1638 976 quibus
1661 895 1737 960 vt
1772 882 2070 964 faueatis
2104 886 2279 964 fides
2316 911 2397 964 ac
2422 910 2513 962 re-

310 1073 324 1082 ,
415 995 606 1099 ligio
654 995 1066 1093 nostrique·
1078 1015 1286 1068 amor
1342 991 1641 1071 suadere
1700 985 1949 1076 debet.
2026 1002 2253 1078 Dux
2296 1027 2379 1078 ca
2402 1027 2511 1101 pro

414 1107 698 1222 caudis-s
759 1109 974 1188 eadem
1013 1106 1142 1207 libi'
1179 1111 1437 1206 quisque
1481 1107 1765 1191 vouebit.

634 1270 852 1358 Facto
887 1277 1058 1366 hoc,
1105 1273 1313 1376 quod
1348 1273 1499 1353 iuffi
1478 1245 1849 1367 ieramus,
1883 1271 2307 1381 praeconIO,
2340 1277 2507 1356 aliud

344 1426 350 1436 ’
410 1395 508 1476 est
539 1389 910 1512 officium,
972 1391 1179 1494 quod
1215 1397 1379 1467 mos
1415 1393 1908 1481 academicus,
1972 1421 2114 1474 nec
2142 1411 2400 1485 temere
2427 1407 2507 1469 ta·

407 1503 582 1595 men
617 1495 745 1585 ille
779 1520 907 1584 aut
951 1506 1387 1582 constitutus
1438 1519 1563 1582 aut
1606 1507 1964 1598 seruatuS,
2040 1514 2390 1609 iniungit,
2444 1519 2505 1581 vt

407 1625 970 1741 disputationem
999 1619 1212 1721 super
1234 1644 1311 1695 re
1342 1618 1445 1695 ad
1468 1627 1895 1714 communia
1928 1613 2161 1702 studia
2189 1623 2505 1726 speuante

405 1729 803 1840 institutam
839 1739 966 1822 iis,
1025 1754 1217 1834 quae
1254 1733 1555 1836 publice
1590 1739 2060 1834 pronuntiata
2098 1739 2304 1827 sunt,
2370 1737 2505 1812 sub-

403 1858 816 1954 iungamus.
935 1845 1311 1936 PetamuS,
1374 1847 1735 1946 agedum,
1807 1869 2326 1949 argumentum
2368 1876 2403 1927 3
2440 1871 2501 1922 re
2541 1901 2542 1946 Q

295 1993 302 2006 “
401 1970 656 2058 multis
693 1962 861 2069 pass*
868 1990 941 2041 ιιι
977 1959 1429 2040 sermonibus
1465 1964 1767 2058 agitata,
1824 1967 2333 2063 deportatione
2369 1987 2542 2042 reo-

187 2163 200 2190 ,
263 2137 269 2147 ,
361 2109 568 2169 ,rum
599 2081 796 2182 apud
840 2077 1279 2156 Britannos
1259 2100 1337 2153 ιιι
1370 2061 1665 2152 Nouam
1705 2071 2119 2158 Cambriana
2156 2080 2501 2159 australem
2540 2043 2542 2190 Q

289 2179 306 2230 '¹
395 2187 626 2300 Regis
655 2192 842 2274 iuffu
879 2188 1334 2315 Consiliique
1366 2187 1585 2290 Regii
1621 2192 2043 2271 austeritate
2074 2195 2502 2293 Senatusque
2537 2191 2543 2237 Q

241 2308 247 2321 '
349 2408 354 2415 ‚
397 2311 664 2417 populi
698 2308 875 2390 scito
906 2334 988 2388 ac
1025 2288 1324 2386 decreto
1354 2306 1639 2385 sancita.

454 2542 475 2551 t
619 2478 710 2559 In
701 2480 1041 2581 poenis,
1078 2497 1268 2576 quae
1302 2475 1731 2555 criminibus
1764 2488 1839 2555 et
1866 2430 2319 2573 facinoribus
2348 2497 2503 2553 con-

392 2598 830 2685 stituuntur,
887 2616 984 2671 ex
1018 2591 1166 2692 ipsa
1206 2580 1465 2667 eorum
1498 2594 1795 2682 natura,
1842 2591 2113 2691 culpae
2142 2608 2235 2668 et
2290 2604 2501 2669 reatus

391 2711 751 2816 grauitate
779 2732 864 2786 ac
881 2711 1058 2809 reip.
1097 2704 1426 2795 vtilitate,
1448 2704 1909 2796 definiendis,
1946 2706 2540 2805 laboratsapien-

390 2826 824 2906 tiffimorum
853 2822 1246 2901 hominum
1273 2817 1612 2916 sollertia,
1634 2820 1877 2897 multo
1898 2824 2133 2918 magis
2169 2825 2247 2899 in
2274 2840 2497 2898 emen-

384 2940 663 3019 dandis
682 2960 869 3038 quae
905 2937 998 3013 de
1032 2936 1118 3015 iis
1149 2910 1347 3011 latae
1354 2932 1532 3013 sunt
1560 2932 1873 3033 legibus.
1992 2934 2081 3011 In
2104 2938 2540 3013 nostrarum

391 3036 696 3157 quidem
733 3052 1132 3128 ciuitatum
1200 3069 1753 3167 regnorumque
1808 3050 2267 3147 primordiis,
2346 3066 2492 3125 cum
2539 3024 2540 3115 Q

392 3171 706 3247 omnino
740 3164 1224 3271 prudentium
1249 3159 1565 3237 consiliis
1598 3135 1863 3259 pauca,
1918 3164 2323 3265 pleraque
2308 3178 2493 3241 more

271 3362 278 3371 x
388 3296 466 3361 et
519 3279 865 3379 exemplo
923 3277 1172 3354 subitis
1220 3272 1497 3351 casibus
1562 3290 1778 3364 nato,
1879 3272 2491 3360 constituerentur

289 3412 322 3455 θ
377 3400 793 3499 ‘poenarum
842 3405 915 3468 et
978 3389 1505 3489 suppliciorum
1560 3410 1831 3485 genera
1900 3379 2245 3491 adoptata
2326 3392 2489 3472 sunt,

386 3532 612 3613 quae,
664 3508 1136 3585 barbarorum
1171 3501 1625 3604 populorum
1668 3501 1981 3593 ferocia,
2061 3504 2492 3583 truculento-

193 3700 198 3709 .
305 3671 316 3677 ·
382 3650 552 3703 rum
583 3622 1106 3701 dominorum
1091 3641 1192 3695 ira
1229 3629 1305 3692 et
1340 3612 1737 3716 cupiditate
1775 3619 2113 3707 inuenta,
2176 3619 2335 3697 vsus
2365 3615 2487 3689 fre-

331 3730 341 3744 ’
384 3741 905 3839 quentauerat,
981 3756 1118 3813 nee
1157 3732 1471 3811 omnino
1522 3730 1614 3807 de
1660 3732 2095 3825 rationibus
2112 3734 2538 3811 criminum

384 3866 462 3929 et
493 3872 893 3951 poenarum
931 3849 1030 3924 est
1057 3846 1492 3921 laboratum
1612 3816 2089 3923 Consuetudo
2117 3850 2338 3933 enim,
2378 3861 2490 3916 ex·-

383 3966 598 4054 cluiis
671 3962 876 4063 saepe
947 3960 1415 4049 melioribus,
1500 3980 1734 4063 praua
1770 3965 2107 4061 quaeque
2152 3968 2538 4145 taanuamQ

2258 4096 2298 4149 a
2330 4089 2489 4169 iqua
