2597 4568
80 532 101 547 ,
191 546 239 571 ,›
310 459 750 552 sustentent3
800 456 901 549 fin
943 482 1118 537 vero
1154 459 1245 536 ad
1278 458 1573 545 vtiliora
1601 430 2010 535 sermonem
2042 455 2475 548 deflexeris

312 240 481 367 312·
682 330 691 347 .
819 246 1380 353 Iudiciorum
1437 250 1851 413 recognitio
1933 278 1945 287 ·

312 574 835 663 obmutescunt
884 590 955 655 et
982 576 1224 651 media
1260 567 1866 651 confabulatione
1897 562 2208 671 abrupta
2245 572 2482 647 aufu-
2548 659 2554 678 ἦ

309 691 531 793 giunt
562 702 913 788 tanquam
952 682 1179 765 malo
1170 688 1424 767 mfidete
1445 686 1682 765 afflati.
1759 685 1861 763 Vt
1898 704 2145 765 autem
2185 688 2478 764 v‘xores

309 826 395 882 ae
435 803 765 881 liberos
746 827 823 878 ιιι
862 804 1179 905 circulos
1220 801 1595 885 adducant
1649 804 1827 879 boni
1877 802 2474 900 patresfamilias,

310 919 477 1019 quis
515 917 675 993 satis
721 916 929 993 sanus
982 917 1336 1019 postulet,-
1395 916 1453 993 si
1479 932 1800 1017 reputet.
1845 914 2004 993 effe
2045 921 2122 991 in
2165 919 2256 993 iis
2297 940 2478 995 eos·

308 1032 480 1109 dem
522 1032 717 1118 illos,
764 1035 893 1131 qui
930 1032 1375 1132 petulantiae
1403 1032 1570 1108 suae
1599 1054 1689 1107 ac
1715 1030 2036 1107 malitiae
2072 1033 2476 1110 materiam
2551 1058 2553 1093 ÷

308 1161 385 1221 et
396 1132 849 1223 alimentum
890 1145 1504 1246 circumspiciunt,
1555 1147 1793 1222 bonae
1827 1149 2171 1221 omnium
2222 1126 2480 1221 famae
2551 1198 2553 1211 ·

232 1362 237 1367 ι
304 1261 645 1360 inprimis
684 1261 1077 1348 ‘muliebris
1128 1261 1336 1337 sexus
1395 1260 1859 1349 insidiantur,
1937 1260 2039 1335 nil
2101 1258 2232 1334 nili
2285 1256 2478 1335 ridi·
2549 1322 2553 1327 ,

306 1374 473 1451 cula
506 1390 1009 1485 aucupantur,
1035 1374 1352 1460 finulla
1392 1374 1677 1459 vident,
1735 1373 2476 1472 impudenter-nien-
2550 1398 2556 1437 ÷

303 1490 675 1581 tiuntur,
667 1487 764 1567 'et
802 1494 1147 1566 ementita
1194 1481 1334 1569 illa
1369 1490 1557 1564 adeo
1593 1487 1888 1586 publice
1925 1486 2198 1562 libellis
2238 1489 2472 1564 editis
2551 1512 2556 1559 ι

305 1600 711 1701 euulgant?
785 1605 955 1703 qui,
1012 1600 1388 1701 cumipfi
1443 1602 1833 1678 hominum
1878 1590 2286 1700 rerumque
2341 1600 2474 1678 vsu
2550 1630 2556 1675 z

304 1716 669 1806 destituti,
740 1731 867 1793 aut
911 1696 1306 1794 sermones
1344 1717 1576 1793 serere
1629 1729 1755 1791 aut
1801 1716 2474 1799 confabulationes
2550 1742 2556 1811 ‚f

158 1861 169 1869 ·
297 1828 661 1908 iucundas
713 1829 983 1909 habere
1044 1830 1402 1919 nesciant,
1487 1832 1972 1906 criminantur
2032 1829 2256 1919 alios,
2335 1831 2476 1929 qui
2552 1898 2555 1901 .

305 1945 833 2045 extorquendo
877 1968 972 2020 ex
1018 1942 1696 2027 obmutescentibus
1735 1944 2034 2021 voculas
2088 1958 2174 2027 et,
2213 1944 2482 2043 strepi·
2545 1970 2555 2018 ·;

198 2100 208 2166 3
303 2064 429 2134 tus
444 2060 855 2137 verborum
904 2060 1157 2134 inanes
1191 2080 1492 2158 operam
1530 2048 1837 2155 perdere
1877 2058 2166 2133 nolunt.
2231 2057 2476 2134 Adeo

254 2171 549 2304 {iniqui
583 2170 747 2255 sunt
779 2171 889 2251 illi
921 2172 1279 2258 censores,
1322 2186 1398 2248 vt
1429 2172 1626 2253 suam
1675 2172 1996 2296 ipsorum
2045 2172 2478 2250 tarditatem
2542 2194 2556 2248 i:

242 2385 251 2390 ,
305 2299 381 2368 et
417 2266 940 2363 insulsitatem
920 2312 995 2364 ιιι
1031 2272 1347 2364 aliorum
1395 2266 2010 2394 reprehensiones
2027 2282 2344 2390 vertant.·

534 2399 635 2478 Ea
678 2421 938 2498 porro,
972 2423 1183 2500 quae
1218 2401 1349 2476 sub
1387 2401 1764 2478 censuram
1800 2403 2152 2488 veniunt,
2217 2403 2479 2502 qualia
2542 2411 2558 2482 '2

306 2511 460 2592 effe
468 2514 947 2616 putabimus?
1006 2517 1255 2614 grauia
1278 2510 1552 2592 scilicet
1587 2530 1660 2591 et
1679 2515 1768 2590 ad
1804 2517 1978 2634 reip.
2002 2516 2478 2596 academicae
2549 2549 2558 2596 ι

305 2639 409 2706 et
396 2630 815 2706 litterariae
858 2629 1201 2708 Vtilitates
1243 2627 1622 2707 salutaria?
1715 2627 1907 2722 Quis
1944 2622 2144 2704 enim
2177 2632 2510 2735 impro·

303 2726 613 2821 baturus
654 2743 895 2833 ·,foret
944 2737 1015 2819 fi
1058 2744 1149 2820 de
1206 2745 1612 2848 nepotibus
1665 2743 1948 2820 suarum
1995 2753 2232 2842 opum
2293 2767 2476 2844 pro-
2544 2771 2558 2818 ·.·

293 2857 474 2966 'fufis
514 2856 987 2951 coercendis,
1060 2857 1154 2934 de
1206 2855 1816 2958 perniciofiffimis
1854 2856 2301 2934 Iudaeorum
2357 2883 2473 2936 ar·
2545 2889 2558 2937 ·;

304 2973 514 3049 tibus
552 2996 595 3047 e
634 2969 782 3071 rep
822 2965 1198 3051 tollendis
1242 2973 1336 3046 de
1371 2970 1672 3047 mensae
1699 2949 2037 3070 publicae
2073 2974 2161 3048 ad
2198 2975 2474 3082 pigno·
2555 3009 2558 3050 ε

279 3085 566 3163 ,randas
599 3089 711 3159 res
742 3085 1111 3166 institutae
1132 3073 1551 3182 rationibus
1596 3079 2308 3176 circumscribendis,
2373 3087 2466 3164 de
2554 3133 2558 3140 -

223 3199 498 3277 luxu
550 3197 1002 3283 minuendo,
1081 3199 1173 3274 de
1258 3199 1648 3276 sodalitiis
1674 3197 2142 3296 euertendis
2219 3216 2344 3278 aut
2389 3225 2469 3277 ea
2548 3229 2558 3296 ς

155 3325 174 3344 Ἀ
305 3335 498 3412 quae
536 3312 899 3402 vera-sunt
924 3329 1440 3398 memorarent,
1477 3327 1602 3389 aut
1640 3317 1820 3390 noui
1862 3315 2145 3390 consilii
2186 3315 2468 3414 aliquid
2554 3363 2558 3388 2

304 3446 393 3506 ac
418 3417 740 3505 ”remedii
773 3429 853 3505 in
894 3429 1222 3506 medium
1259 3425 1580 3507 ferrent?
1629 3422 1716 3527 a)
1833 3425 2028 3522 Quis
2067 3453 2226 3506 non
2269 3453 2471 3505 cura·
2554 3471 2558 3478 ·

2310 3560 2468 3620 tum
2529 3575 2536 3583 ·

638 3651 681 3692 s

407 3710 480 3788 a)
530 3693 739 3788 [Sunt
786 3715 999 3772 tamen
1042 3729 1121 3771 ex
1166 3707 1266 3770 his
1330 3707 1536 3788 plura
1557 3705 1658 3770 his
1699 3704 1882 3788 ipfis
1891 3707 2072 3770 annis
2105 3679 2462 3790 ''emendaga
2547 3725 2556 3748 ¹

534 3811 721 3875 quam
752 3791 861 3874 ipsi
898 3807 1196 3872 tempora
1233 3791 1396 3854 ferre
1434 3791 1832 3862 videbantur,
1901 3791 2470 3873 profundendarum
2554 3835 2556 3856 ι

538 3894 731 3957 opum
761 3878 1133 3955 impunitate
1164 3873 1418 3947 sublata,
1469 3875 1932 3937 foeneratorum
1957 3875 2271 3956 prauitate
2303 3893 2471 3938 coer-
2550 3861 2558 3960 l

537 3961 687 4032 cita,
733 3959 1101 4026 ludaeorum
1136 3979 1396 4022 nurnero
1427 3959 1780 4037 imminuto,
1827 3958 2272 4022 sodalitiorum
2321 3976 2472 4040 quaa

539 4041 828 4106 omnium
862 4043 1316 4144 academiarum
1344 4043 1550 4128 pestes
1591 4038 1765 4121 sunt,
1812 4033 2070 4154 licentia
2104 4041 2210 4106 seu
2241 4033 2474 4108 sublata

442 4181 459 4193 ,
528 4122 649 4203 -seu
696 4124 1023 4210 repreffa.]
