2597 4568
151 238 161 259 ’
363 268 444 348 et
475 240 1208 368 Remanorumfora
1243 206 1902 395 “ddeffafuffmh
2053 234 2213 366 ¹33

126 464 496 547 veheretur,
549 460 628 539 v't
656 445 1036 544 structura,
1087 473 1166 536 vt
1197 468 1389 557 opus
1428 457 1695 535 fieretl'
1746 448 2210 537 Mausoleum
2301 451 2305 458 ’

126 580 369 676 Augusti
407 578 520 654 vel
561 578 858 654 Adriani
887 590 982 651 rvt
1018 573 1491 653 educeretur,
1538 588 1760 671 'quot
1811 573 2212 671 corpo'rum

129 696 336 781 millia,
397 694 496 769 de
555 694 729 770 foco
781 688 910 767 suo
957 703 1031 765 et
1077 690 1353 765 laribus
1413 676 1787 777 abstracta,
1868 691 1943 765 in
1986 713 2214 793 opere

134 824 270 885 tanto
305 796 580 891 viribus
617 820 694 885 et
725 805 976 905 spiritu
999 800 1343 881 defeciffe
1382 816 1457 879 et
1484 808 1761 880 animas
1806 800 2211 902 deposuiffe
2340 804 2345 815 '

119 920 524 1023 putabimus}
586 922 778 1015 Quis
809 934 1056 997 tamen
1089 931 1351 1015 neget,
1404 917 1585 995 haec
1620 919 1919 1005 eadem,
1972 922 2209 997 carius
2247 930 2272 937 ”
2376 1002 2391 1013 ,

116 1040 360 1136 quidem
397 1060 490 1113 ac
521 1034 891 1113 difficilius'
941 1032 1173 1122 forte,
1223 1054 1363 1107 nec
1398 1034 1641 1109 minus
1672 1046 1913 1109 tamen
1954 1031 2243 1131 perfici*

113 1150 406 1251 potuisse,
464 1150 562 1235 fi,
617 1148 922 1249 quaein
956 1138 1393 1247 potentium·
1422 1148 1781 1247 aulaeque
1832 1146 2207 1223 luxuriem
2264 1156 2273 1169 '

111 1282 162 1341 et
193 1269 450 1344 fastum
461 1264 1076 1361 absumebantur,
1156 1262 1242 1339 in
1290 1261 1589 1363 publica
1639 1264 2033 1341 commoda
2084 1260 2203 1337 vel
2300 1290 2341 1315 ’-

109 1398 488 1459 ornamenta
533 1359 857 1482 impensa
917 1373 1226 1455 fuiffeut.

276 1546 524 1627 Auctis
591 1549 878 1645 itaque,
957 1555 1036 1620 vt
1079 1540 1335 1643 paullo
1394 1554 1564 1619 ante
1626 1534 1982 1630 vidimus,
2073 1564 2257 1641 per-

107 1660 317 1739 luxum
365 1664 750 1740 seruorum
795 1653 1124 1747 familiia,
1201 1657 1572 1733 bellorum
1623 1658 1918 1733 tandem
1965 1658 2207 1733 conti-

109 1800 423 1867 nuorum,
489 1776 687 1851 vnde
718 1774 1031 1875 reparari
1069 1769 1392 1879 possent,
1458 1774 1757 1847 materia
1790 1752 2201 1893 deficiente,

103 1905 262 1967 tanto
293 1894 530 1991 magis
569 1891 817 2002 coepit
850 1886 1294 1966 efflorescere
1341 1889 1879 1985 mancipiorum
1932 1876 2205 1961 mercass

105 2018 214 2098 tus3
266 2008 559 2105 fuitque
593 2004 741 2081 hoc
772 2027 811 2078 e
847 2003 1252 2101 praecipuis
1288 1998 1623 2099 quaestus
1659 2000 1941 2101 opipari
1978 2022 2208 2099 gene-

105 2120 294 2209 ribuS,
353 2123 700 2197 venalitios
733 2114 1062 2194 aduehere.
1137 2114 1589 2213 Nauigatum
1622 2116 1869 2213 itaque
1906 2136 2225 2225 quaqua-

102 2235 294 2312 versus
347 2234 440 2313 ad
498 2235 971 2311 barbarorum
1027 2243 1300 2316 terras,
1384 2232 1457 2305 in
1507 2230 1776 2329 quibus
1821 2244 1947 2304 aut
2008 2228 2203 2308 bella

99 2350 248 2444 gesta
301 2353 773 2452 captiuorum
819 2347 1109 2446 copiam
1158 2345 1683 2429 ministrarent,
1758 2358 1883 2419 aut
1934 2359 2205 2444 corpo·-

99 2483 223 2540 mm
261 2464 833 2542 vendendorum
866 2483 1028 2538 mos
1067 2474 1140 2535 et
1183 2459 1343 2535 vsus
1378 2455 1547 2537 esset
1574 2451 1687 2558 g).

279 2630 527 2731 Atque
561 2629 696 2707 hic
722 2627 971 2703 omnia
1009 2647 1090 2702 ea
1125 2625 1315 2702 mala
1368 2628 1713 2714 extitere,
1775 2639 1965 2725 quae
1996 2649 2200 2705 nunc

101 2741 154 2817 in
207 2743 462 2824 Africa.
605 2743 994 2820 Auaritiam
1061 2763 1325 2838 regum
1392 2761 1475 2814 ac
1528 2741 1946 2838 principum
2015 2741 2269 2834 lucri,
2360 2705 2371 2716 ’

103 2861 416 2956 cupiditas
457 2881 758 2943 acuere,
794 2879 960 2932 reos
994 2853 1323 2935 seruituti
1364 2854 1739 2934 addicere,
1795 2842 2202 2953 mancipio·
2326 2887 2331 2894 ·

104 2993 222 3047 rum
257 2973 574 3049 familias
607 2973 842 3056 alere,
893 2992 1205 3067 corpora
1241 2967 1441 3046 furto
1474 2971 1857 3063 excipere,
1908 2968 2206 3044 sexcen-

105 3086 167 3159 tis
195 3081 428 3176 modis
470 3087 788 3162 libertati
825 3080 1159 3159 infidiari.
1279 3079 1499 3173 Quae
1519 3084 1690 3180 ‘ipla
1728 3085 2043 3159 narratio
2060 3105 2203 3160 ‘eo

107 3219 228 3277 rum
277 3202 506 3280 fidem
559 3200 851 3278 eleuare
901 3181 1174 3297 potest,
1283 3198 1417 3294 qui
1464 3191 1769 3276 caussam
1821 3176 2223 3292 mangonii
2288 3251 2295 3256 -
2405 3189 2423 3196 ⁹

1035 3371 1052 3380 -
1184 3307 1223 3390 1
1291 3332 1327 3406 3
1626 3369 1631 3374 .
1872 3309 1970 3390 N
1953 3327 2204 3410 rgrrta

195 3547 266 3625 g)
300 3546 501 3610 Fuere
536 3549 791 3628 quoque
827 3545 994 3610 inter
1030 3543 1293 3627 populos
1333 3543 1661 3618 barbaros,
1715 3543 1820 3628 qui
1863 3546 2212 3626 praedatio-

285 3632 473 3693 nibus
502 3629 830 3694 maritimis
877 3630 1162 3701 u'uentes
1209 3629 1274 3690 in
1327 3629 1541 3690 littora
1590 3625 1840 3692 escensu
1888 3625 2055 3694 facto
2100 3647 2213 3712 per

287 3722 484 3784 terras
511 3721 877 3794 vagarentur
907 3711 1101 3794 plagii
1144 3712 1415 3774 faciendi
1456 3710 1861 3774 caufl'a.1ta
1898 3713 2005 3776 sub
2048 3714 2095 3776 C
2100 3733 2212 3776 au

293 3796 496 3860 casum
532 3799 606 3859 ad
645 3816 812 3860 mare
857 3795 1032 3859 fuere
1079 3793 1351 3869 Achaei,
1406 3795 1597 3878 Zygii
1624 3807 1691 3858 et
1734 3794 2070 3868 Heniochi,
2105 3797 2215 3878 qui
2313 3779 2369 3876 ,ἱ

293 3901 372 3942 ex
405 3881 800 3961 praedatione
827 3881 960 3944 tali
980 3879 1280 3942 viuerent.
1361 3879 1558 3942 lidem
1588 3879 1771 3944 facile
1820 3881 2215 3962 patiebantur

296 3983 591 4045 corpora,
638 3984 794 4046 quae
821 3973 1144 4047 ceperant,
1190 3964 1411 4025 redimi
1446 3978 1633 4048 atque
1676 3965 1862 4026 etiam
1911 3966 1975 4026 in
2015 3965 2214 4038 altum
2350 4015 2357 4023 .
2470 3963 2479 3978 ⁴

299 4043 542 4110 euecti
527 4048 638 4118 ris,
694 4048 801 4130 qui
840 4046 978 4111 suos
1016 4045 1382 4123 amiserant,
1434 4043 1865 4132 fignificabant
1900 4049 2225 4130 praedam.
2292 4107 2307 4119 ,

300 4127 518 4228 Strabo
539 4089 654 4196 x1’.
693 4149 768 4216 p.
782 4149 924 4214 759.
963 4131 1044 4196 A,
