<?xml version="1.0" encoding="UTF-8"?>
<!DOCTYPE html PUBLIC "-//W3C//DTD XHTML 1.0 Transitional//EN"
    "http://www.w3.org/TR/xhtml1/DTD/xhtml1-transitional.dtd">
<html xmlns="http://www.w3.org/1999/xhtml" xml:lang="en" lang="en">
 <head>
  <title>
</title>
<meta http-equiv="Content-Type" content="text/html;charset=utf-8" />
  <meta name='ocr-system' content='tesseract 3.04.00' />
  <meta name='ocr-capabilities' content='ocr_page ocr_carea ocr_par ocr_line ocrx_word'/>
</head>
<body>
  <div class='ocr_page' id='page_1' title='image "./chrgheyniiprofe05heyngoog_0473.png"; bbox 0 0 2597 4568; ppageno 0'>
   <div class='ocr_carea' id='block_1_1' title="bbox 388 214 2364 400">
    <p class='ocr_par' dir='ltr' id='par_1_1' title="bbox 388 214 2364 400">
     <span class='ocr_line' id='line_1_1' title="bbox 388 214 2364 400; baseline 0.004 -62.404"><span class='ocrx_word' id='word_1_1' title='bbox 388 216 885 378; x_wconf 58' lang='lat' dir='ltr'>eorumque</span> <span class='ocrx_word' id='word_1_2' title='bbox 940 162 1219 361; x_wconf 73' lang='grc' dir='ltr'><strong><em>εαιι11ἲι</em></strong></span> <span class='ocrx_word' id='word_1_3' title='bbox 1254 260 1326 333; x_wconf 77' lang='lat' dir='ltr'>et</span> <span class='ocrx_word' id='word_1_4' title='bbox 1375 214 1740 400; x_wconf 61' lang='lat' dir='ltr'>extentis.</span> <span class='ocrx_word' id='word_1_5' title='bbox 1754 366 1761 379; x_wconf 26' lang='grc' dir='ltr'><strong><em>Ι</em></strong></span> <span class='ocrx_word' id='word_1_6' title='bbox 2013 251 2176 361; x_wconf 78' lang='grc'>461</span> <span class='ocrx_word' id='word_1_7' title='bbox 2350 264 2364 275; x_wconf 83' lang='grc'><strong>’</strong></span> 
     </span>
    </p>
   </div>
   <div class='ocr_carea' id='block_1_2' title="bbox 70 396 2284 671">
    <p class='ocr_par' dir='ltr' id='par_1_2' title="bbox 70 396 2284 669">
     <span class='ocr_line' id='line_1_2' title="bbox 70 396 2284 563; baseline 0 -28"><span class='ocrx_word' id='word_1_8' title='bbox 70 482 232 559; x_wconf 83' lang='lat' dir='ltr'>quae</span> <span class='ocrx_word' id='word_1_9' title='bbox 264 396 425 539; x_wconf 85' lang='lat' dir='ltr'>aliis</span> <span class='ocrx_word' id='word_1_10' title='bbox 480 450 947 561; x_wconf 82' lang='lat' dir='ltr'>exoptanda,</span> <span class='ocrx_word' id='word_1_11' title='bbox 1012 452 1231 529; x_wconf 88' lang='lat' dir='ltr'>nobis</span> <span class='ocrx_word' id='word_1_12' title='bbox 1281 452 1717 552; x_wconf 71' lang='lat' dir='ltr'>gratulanda</span> <span class='ocrx_word' id='word_1_13' title='bbox 1773 453 1910 533; x_wconf 77' lang='lat' dir='ltr'>effe</span> <span class='ocrx_word' id='word_1_14' title='bbox 1950 456 2182 563; x_wconf 87' lang='lat' dir='ltr'>videri</span> <span class='ocrx_word' id='word_1_15' title='bbox 2230 473 2284 551; x_wconf 91' lang='lat'>⁸,</span> 
     </span>
     <span class='ocr_line' id='line_1_3' title="bbox 72 554 2183 671; baseline 0.001 -22"><span class='ocrx_word' id='word_1_16' title='bbox 72 576 318 659; x_wconf 70' lang='lat' dir='ltr'>debeat.</span> <span class='ocrx_word' id='word_1_17' title='bbox 440 570 738 653; x_wconf 87' lang='lat' dir='ltr'>Vtinam</span> <span class='ocrx_word' id='word_1_18' title='bbox 791 572 988 669; x_wconf 84' lang='lat' dir='ltr'>pacis</span> <span class='ocrx_word' id='word_1_19' title='bbox 1045 569 1226 643; x_wconf 88' lang='lat' dir='ltr'>haec</span> <span class='ocrx_word' id='word_1_20' title='bbox 1278 585 1390 643; x_wconf 90' lang='lat' dir='ltr'>et</span> <span class='ocrx_word' id='word_1_21' title='bbox 1407 554 1957 671; x_wconf 80' lang='lat' dir='ltr'>tranquillitatis</span> <span class='ocrx_word' id='word_1_22' title='bbox 2015 575 2183 651; x_wconf 87' lang='lat' dir='ltr'>dul-</span> 
     </span>
    </p>
   </div>
   <div class='ocr_carea' id='block_1_3' title="bbox 54 662 2346 1593">
    <p class='ocr_par' dir='ltr' id='par_1_3' title="bbox 54 662 2346 1593">
     <span class='ocr_line' id='line_1_4' title="bbox 54 662 2202 775; baseline 0 -10"><span class='ocrx_word' id='word_1_23' title='bbox 54 689 269 765; x_wconf 73' lang='lat' dir='ltr'>cedo</span> <span class='ocrx_word' id='word_1_24' title='bbox 258 662 429 763; x_wconf 85' lang='lat' dir='ltr'>eam</span> <span class='ocrx_word' id='word_1_25' title='bbox 470 687 561 763; x_wconf 93' lang='lat' dir='ltr'>ad</span> <span class='ocrx_word' id='word_1_26' title='bbox 608 688 894 761; x_wconf 86' lang='lat' dir='ltr'>animos</span> <span class='ocrx_word' id='word_1_27' title='bbox 932 685 1228 759; x_wconf 82' lang='lat' dir='ltr'>nostros</span> <span class='ocrx_word' id='word_1_28' title='bbox 1281 685 1425 759; x_wconf 89' lang='lat' dir='ltr'>vim</span> <span class='ocrx_word' id='word_1_29' title='bbox 1476 685 1799 773; x_wconf 87' lang='lat' dir='ltr'>habeat,</span> <span class='ocrx_word' id='word_1_30' title='bbox 1839 702 1950 775; x_wconf 85' lang='lat' dir='ltr'>vt,</span> <span class='ocrx_word' id='word_1_31' title='bbox 2011 712 2202 767; x_wconf 88' lang='lat' dir='ltr'>cum</span> 
     </span>
     <span class='ocr_line' id='line_1_5' title="bbox 75 790 2190 901; baseline 0.001 -20"><span class='ocrx_word' id='word_1_32' title='bbox 75 804 167 881; x_wconf 88' lang='lat' dir='ltr'>alii</span> <span class='ocrx_word' id='word_1_33' title='bbox 223 802 503 901; x_wconf 80' lang='lat' dir='ltr'>populi,</span> <span class='ocrx_word' id='word_1_34' title='bbox 538 804 701 889; x_wconf 68' lang='lat' dir='ltr'>iria,</span> <span class='ocrx_word' id='word_1_35' title='bbox 746 797 955 891; x_wconf 80' lang='lat' dir='ltr'>odiis</span> <span class='ocrx_word' id='word_1_36' title='bbox 1006 814 1081 875; x_wconf 90' lang='lat' dir='ltr'>et</span> <span class='ocrx_word' id='word_1_37' title='bbox 1121 790 1696 895; x_wconf 82' lang='lat' dir='ltr'>vlciscendarum</span> <span class='ocrx_word' id='word_1_38' title='bbox 1747 803 2190 884; x_wconf 83' lang='lat' dir='ltr'>iniuriarum</span> 
     </span>
     <span class='ocr_line' id='line_1_6' title="bbox 74 912 2188 1017; baseline -0.004 -23"><span class='ocrx_word' id='word_1_39' title='bbox 74 920 439 1016; x_wconf 88' lang='lat' dir='ltr'>cupiditate</span> <span class='ocrx_word' id='word_1_40' title='bbox 477 916 922 991; x_wconf 81' lang='lat' dir='ltr'>inflammati</span> <span class='ocrx_word' id='word_1_41' title='bbox 952 912 1041 987; x_wconf 88' lang='lat' dir='ltr'>ad</span> <span class='ocrx_word' id='word_1_42' title='bbox 1090 934 1390 990; x_wconf 88' lang='lat' dir='ltr'>omnem</span> <span class='ocrx_word' id='word_1_43' title='bbox 1442 916 1980 993; x_wconf 84' lang='lat' dir='ltr'>immanitatem</span> <span class='ocrx_word' id='word_1_44' title='bbox 2016 925 2188 1017; x_wconf 82' lang='lat' dir='ltr'>pro-</span> 
     </span>
     <span class='ocr_line' id='line_1_7' title="bbox 74 1010 2261 1149; baseline 0.002 -44"><span class='ocrx_word' id='word_1_45' title='bbox 74 1032 217 1130; x_wconf 80' lang='lat' dir='ltr'>lapfi</span> <span class='ocrx_word' id='word_1_46' title='bbox 257 1031 639 1139; x_wconf 84' lang='lat' dir='ltr'>meliorem</span> <span class='ocrx_word' id='word_1_47' title='bbox 690 1030 795 1121; x_wconf 83' lang='lat' dir='ltr'>sui</span> <span class='ocrx_word' id='word_1_48' title='bbox 842 1041 1158 1149; x_wconf 88' lang='lat' dir='ltr'>partem,</span> <span class='ocrx_word' id='word_1_49' title='bbox 1234 1010 1810 1117; x_wconf 83' lang='lat' dir='ltr'>humanitatem,</span> <span class='ocrx_word' id='word_1_50' title='bbox 1877 1050 2188 1121; x_wconf 86' lang='lat' dir='ltr'>exuunt,</span> <span class='ocrx_word' id='word_1_51' title='bbox 2256 1117 2261 1125; x_wconf 44' lang='grc'><strong>,</strong></span> 
     </span>
     <span class='ocr_line' id='line_1_8' title="bbox 80 1102 2190 1249; baseline -0.001 -29"><span class='ocrx_word' id='word_1_52' title='bbox 80 1170 187 1221; x_wconf 90' lang='lat' dir='ltr'>nos</span> <span class='ocrx_word' id='word_1_53' title='bbox 222 1148 536 1240; x_wconf 81' lang='lat' dir='ltr'>interea,</span> <span class='ocrx_word' id='word_1_54' title='bbox 598 1157 852 1221; x_wconf 88' lang='lat' dir='ltr'>mutua</span> <span class='ocrx_word' id='word_1_55' title='bbox 872 1102 1271 1229; x_wconf 75' lang='lat' dir='ltr'>coniu&#39;nffl</span> <span class='ocrx_word' id='word_1_56' title='bbox 1316 1144 1696 1249; x_wconf 78' lang='lat' dir='ltr'>voluntate</span> <span class='ocrx_word' id='word_1_57' title='bbox 1747 1158 1820 1220; x_wconf 88' lang='lat' dir='ltr'>et</span> <span class='ocrx_word' id='word_1_58' title='bbox 1862 1148 2190 1225; x_wconf 78' lang='lat' dir='ltr'>beneuo-</span> 
     </span>
     <span class='ocr_line' id='line_1_9' title="bbox 78 1242 2261 1355; baseline 0.003 -22"><span class='ocrx_word' id='word_1_59' title='bbox 78 1260 301 1348; x_wconf 88' lang='lat' dir='ltr'>lentia</span> <span class='ocrx_word' id='word_1_60' title='bbox 368 1258 745 1337; x_wconf 88' lang='lat' dir='ltr'>mentibus</span> <span class='ocrx_word' id='word_1_61' title='bbox 781 1257 1021 1333; x_wconf 83' lang='lat' dir='ltr'>nullo·</span> <span class='ocrx_word' id='word_1_62' title='bbox 1020 1260 1342 1333; x_wconf 82' lang='lat' dir='ltr'>iniuriae</span> <span class='ocrx_word' id='word_1_63' title='bbox 1373 1275 1712 1355; x_wconf 82' lang='lat' dir='ltr'>acceptae</span> <span class='ocrx_word' id='word_1_64' title='bbox 1762 1242 2025 1337; x_wconf 77' lang='lat' dir='ltr'>dolore</span> <span class='ocrx_word' id='word_1_65' title='bbox 2063 1287 2188 1339; x_wconf 77' lang='lat' dir='ltr'>ex-</span> <span class='ocrx_word' id='word_1_66' title='bbox 2255 1331 2261 1340; x_wconf 75' lang='grc'>,,</span> 
     </span>
     <span class='ocr_line' id='line_1_10' title="bbox 80 1348 2228 1475; baseline 0.003 -23"><span class='ocrx_word' id='word_1_67' title='bbox 80 1371 448 1463; x_wconf 80' lang='lat' dir='ltr'>stimulatis·,</span> <span class='ocrx_word' id='word_1_68' title='bbox 511 1372 809 1474; x_wconf 88' lang='lat' dir='ltr'>placido</span> <span class='ocrx_word' id='word_1_69' title='bbox 846 1386 921 1447; x_wconf 87' lang='lat' dir='ltr'>et·</span> <span class='ocrx_word' id='word_1_70' title='bbox 952 1372 1284 1448; x_wconf 85' lang='lat' dir='ltr'>iucundo</span> <span class='ocrx_word' id='word_1_71' title='bbox 1329 1348 1704 1475; x_wconf 82' lang='lat' dir='ltr'>Musarum</span> <span class='ocrx_word' id='word_1_72' title='bbox 1745 1378 1904 1452; x_wconf 91' lang='lat' dir='ltr'>otio</span> <span class='ocrx_word' id='word_1_73' title='bbox 1943 1373 2228 1459; x_wconf 48' lang='lat' dir='ltr'>fraena,</span> 
     </span>
     <span class='ocr_line' id='line_1_11' title="bbox 82 1477 2346 1593; baseline 0.003 -30"><span class='ocrx_word' id='word_1_74' title='bbox 82 1502 181 1577; x_wconf 88' lang='lat' dir='ltr'>tes,</span> <span class='ocrx_word' id='word_1_75' title='bbox 236 1492 329 1567; x_wconf 86' lang='lat' dir='ltr'>ita</span> <span class='ocrx_word' id='word_1_76' title='bbox 375 1506 515 1565; x_wconf 85' lang='lat' dir='ltr'>nos</span> <span class='ocrx_word' id='word_1_77' title='bbox 549 1477 638 1565; x_wconf 82' lang='lat' dir='ltr'>ad</span> <span class='ocrx_word' id='word_1_78' title='bbox 678 1488 1233 1575; x_wconf 78' lang='lat' dir='ltr'>humanitatem,</span> <span class='ocrx_word' id='word_1_79' title='bbox 1266 1488 1709 1585; x_wconf 87' lang='lat' dir='ltr'>aequitatem</span> <span class='ocrx_word' id='word_1_80' title='bbox 1743 1503 1819 1563; x_wconf 88' lang='lat' dir='ltr'>et</span> <span class='ocrx_word' id='word_1_81' title='bbox 1847 1482 2220 1593; x_wconf 72' lang='lat' dir='ltr'>iustitiam⁶</span> <span class='ocrx_word' id='word_1_82' title='bbox 2263 1513 2272 1523; x_wconf 82' lang='grc'><em>“</em></span> <span class='ocrx_word' id='word_1_83' title='bbox 2335 1503 2346 1513; x_wconf 84' lang='grc'><strong>’</strong></span> 
     </span>
    </p>
   </div>
   <div class='ocr_carea' id='block_1_4' title="bbox 84 1598 2418 1707">
    <p class='ocr_par' dir='ltr' id='par_1_4' title="bbox 84 1598 2418 1707">
     <span class='ocr_line' id='line_1_12' title="bbox 84 1598 2418 1707; baseline 0.002 -28"><span class='ocrx_word' id='word_1_84' title='bbox 84 1627 626 1705; x_wconf 83' lang='lat' dir='ltr'>componamus,</span> <span class='ocrx_word' id='word_1_85' title='bbox 709 1602 927 1679; x_wconf 87' lang='lat' dir='ltr'>fimus</span> <span class='ocrx_word' id='word_1_86' title='bbox 978 1624 1125 1704; x_wconf 90' lang='lat' dir='ltr'>que</span> <span class='ocrx_word' id='word_1_87' title='bbox 1174 1624 1269 1676; x_wconf 86' lang='lat' dir='ltr'>ex</span> <span class='ocrx_word' id='word_1_88' title='bbox 1305 1624 1592 1677; x_wconf 86' lang='lat' dir='ltr'>eorum</span> <span class='ocrx_word' id='word_1_89' title='bbox 1607 1626 1959 1707; x_wconf 56' lang='grc' dir='ltr'><strong><em>ιιιιιιιεξο,</em></strong></span> <span class='ocrx_word' id='word_1_90' title='bbox 2031 1610 2189 1705; x_wconf 74' lang='lat' dir='ltr'>qui,</span> <span class='ocrx_word' id='word_1_91' title='bbox 2259 1624 2290 1643; x_wconf 66' lang='lat'>²</span> <span class='ocrx_word' id='word_1_92' title='bbox 2407 1598 2418 1613; x_wconf 76' lang='grc'><em>’</em></span> 
     </span>
    </p>
   </div>
   <div class='ocr_carea' id='block_1_5' title="bbox 82 1702 2379 3654">
    <p class='ocr_par' dir='ltr' id='par_1_5' title="bbox 84 1702 2278 1934">
     <span class='ocr_line' id='line_1_13' title="bbox 84 1702 2190 1819; baseline 0.003 -29"><span class='ocrx_word' id='word_1_93' title='bbox 84 1734 143 1792; x_wconf 89' lang='lat' dir='ltr'>vt</span> <span class='ocrx_word' id='word_1_94' title='bbox 178 1720 511 1797; x_wconf 82' lang='lat' dir='ltr'>h&#39;omines</span> <span class='ocrx_word' id='word_1_95' title='bbox 546 1717 705 1806; x_wconf 79' lang='lat' dir='ltr'>sint,</span> <span class='ocrx_word' id='word_1_96' title='bbox 761 1715 832 1792; x_wconf 79' lang='lat' dir='ltr'>se</span> <span class='ocrx_word' id='word_1_97' title='bbox 881 1730 1090 1791; x_wconf 84' lang='lat' dir='ltr'>natos</span> <span class='ocrx_word' id='word_1_98' title='bbox 1128 1712 1265 1791; x_wconf 84' lang='lat' dir='ltr'>effe</span> <span class='ocrx_word' id='word_1_99' title='bbox 1302 1702 1803 1805; x_wconf 76' lang='lat' dir='ltr'>meminerint,</span> <span class='ocrx_word' id='word_1_100' title='bbox 1853 1720 2190 1819; x_wconf 83' lang='lat' dir='ltr'>adeoque</span> 
     </span>
     <span class='ocr_line' id='line_1_14' title="bbox 86 1824 2278 1934; baseline 0.004 -28"><span class='ocrx_word' id='word_1_101' title='bbox 86 1834 151 1909; x_wconf 85' lang='lat' dir='ltr'>ad</span> <span class='ocrx_word' id='word_1_102' title='bbox 192 1858 489 1919; x_wconf 83' lang='lat' dir='ltr'>omnem</span> <span class='ocrx_word' id='word_1_103' title='bbox 524 1833 944 1913; x_wconf 85' lang='lat' dir='ltr'>animorum</span> <span class='ocrx_word' id='word_1_104' title='bbox 997 1833 1345 1907; x_wconf 88' lang='lat' dir='ltr'>virtutem</span> <span class='ocrx_word' id='word_1_105' title='bbox 1391 1833 2018 1932; x_wconf 72' lang='lat' dir='ltr'>ingeniorumque</span> <span class='ocrx_word' id='word_1_106' title='bbox 2061 1860 2194 1934; x_wconf 81' lang='lat' dir='ltr'>pet</span> <span class='ocrx_word' id='word_1_107' title='bbox 2244 1824 2278 1867; x_wconf 59' lang='lat'>⁷</span> 
     </span>
    </p>

    <p class='ocr_par' dir='ltr' id='par_1_6' title="bbox 82 1938 2379 2394">
     <span class='ocr_line' id='line_1_15' title="bbox 86 1938 2379 2044; baseline 0.004 -23"><span class='ocrx_word' id='word_1_108' title='bbox 86 1948 279 2027; x_wconf 86' lang='lat' dir='ltr'>bonas</span> <span class='ocrx_word' id='word_1_109' title='bbox 310 1950 587 2026; x_wconf 83' lang='lat' dir='ltr'>litteras</span> <span class='ocrx_word' id='word_1_110' title='bbox 628 1946 992 2025; x_wconf 87' lang='lat' dir='ltr'>culturam</span> <span class='ocrx_word' id='word_1_111' title='bbox 1032 1948 1426 2033; x_wconf 85' lang='lat' dir='ltr'>enitantur,</span> <span class='ocrx_word' id='word_1_112' title='bbox 1483 1968 1670 2044; x_wconf 86' lang='lat' dir='ltr'>quae</span> <span class='ocrx_word' id='word_1_113' title='bbox 1715 1946 2193 2031; x_wconf 82' lang='lat' dir='ltr'>humanitatis</span> <span class='ocrx_word' id='word_1_114' title='bbox 2375 1938 2379 1947; x_wconf 64' lang='grc'>’</span> 
     </span>
     <span class='ocr_line' id='line_1_16' title="bbox 83 2052 2198 2204; baseline 0.005 -69"><span class='ocrx_word' id='word_1_115' title='bbox 83 2056 351 2204; x_wconf 81' lang='lat' dir='ltr'>nomine</span> <span class='ocrx_word' id='word_1_116' title='bbox 393 2062 805 2161; x_wconf 77' lang='lat' dir='ltr'>insignitur.</span> <span class='ocrx_word' id='word_1_117' title='bbox 928 2059 1646 2150; x_wconf 65' lang='lat' dir='ltr'>Sollennia,.autem,</span> <span class='ocrx_word' id='word_1_118' title='bbox 1701 2070 1886 2159; x_wconf 79' lang='lat' dir='ltr'>quae</span> <span class='ocrx_word' id='word_1_119' title='bbox 1929 2052 2198 2145; x_wconf 72' lang='lat' dir='ltr'>indici·-</span> 
     </span>
     <span class='ocr_line' id='line_1_17' title="bbox 82 2175 2354 2293; baseline 0.002 -41"><span class='ocrx_word' id='word_1_120' title='bbox 82 2190 275 2266; x_wconf 72' lang='lat' dir='ltr'>muS,</span> <span class='ocrx_word' id='word_1_121' title='bbox 344 2197 687 2279; x_wconf 88' lang='lat' dir='ltr'>quaeque</span> <span class='ocrx_word' id='word_1_122' title='bbox 734 2176 873 2276; x_wconf 89' lang='lat' dir='ltr'>piis</span> <span class='ocrx_word' id='word_1_123' title='bbox 932 2175 1552 2293; x_wconf 85' lang='lat' dir='ltr'>gratulationibus</span> <span class='ocrx_word' id='word_1_124' title='bbox 1604 2190 1680 2251; x_wconf 88' lang='lat' dir='ltr'>et</span> <span class='ocrx_word' id='word_1_125' title='bbox 1723 2180 1912 2254; x_wconf 86' lang='lat' dir='ltr'>votis</span> <span class='ocrx_word' id='word_1_126' title='bbox 1961 2183 2200 2278; x_wconf 75' lang='lat' dir='ltr'>preci-</span> <span class='ocrx_word' id='word_1_127' title='bbox 2278 2200 2304 2270; x_wconf 62' lang='grc' dir='ltr'><strong>ζ</strong></span> <span class='ocrx_word' id='word_1_128' title='bbox 2349 2214 2354 2221; x_wconf 90' lang='grc'><em>·</em></span> 
     </span>
     <span class='ocr_line' id='line_1_18' title="bbox 82 2281 2294 2394; baseline 0.003 -28"><span class='ocrx_word' id='word_1_129' title='bbox 82 2293 335 2394; x_wconf 82' lang='lat' dir='ltr'>busque</span> <span class='ocrx_word' id='word_1_130' title='bbox 384 2291 777 2372; x_wconf 78' lang='lat' dir='ltr'>habendis</span> <span class='ocrx_word' id='word_1_131' title='bbox 802 2284 1480 2391; x_wconf 80' lang='lat' dir='ltr'>opportunitatem</span> <span class='ocrx_word' id='word_1_132' title='bbox 1467 2284 1833 2380; x_wconf 85' lang='lat' dir='ltr'>afferent,</span> <span class='ocrx_word' id='word_1_133' title='bbox 1913 2293 2200 2391; x_wconf 80' lang='lat' dir='ltr'>duplici</span> <span class='ocrx_word' id='word_1_134' title='bbox 2259 2281 2294 2352; x_wconf 79' lang='lat'>&#39;.</span> 
     </span>
    </p>

    <p class='ocr_par' dir='ltr' id='par_1_7' title="bbox 86 2393 2267 2515">
     <span class='ocr_line' id='line_1_19' title="bbox 86 2393 2267 2515; baseline 0.005 -34"><span class='ocrx_word' id='word_1_135' title='bbox 86 2421 497 2508; x_wconf 86' lang='lat' dir='ltr'>peragentur</span> <span class='ocrx_word' id='word_1_136' title='bbox 528 2407 871 2486; x_wconf 81' lang='lat' dir='ltr'>confilio:</span> <span class='ocrx_word' id='word_1_137' title='bbox 925 2406 1534 2506; x_wconf 88' lang='lat' dir='ltr'>quandoquidem</span> <span class='ocrx_word' id='word_1_138' title='bbox 1573 2421 1646 2482; x_wconf 87' lang='lat' dir='ltr'>et</span> <span class='ocrx_word' id='word_1_139' title='bbox 1671 2393 2196 2515; x_wconf 64' lang='lat' dir='ltr'>anniuersaria</span> <span class='ocrx_word' id='word_1_140' title='bbox 2263 2432 2267 2444; x_wconf 90' lang='grc'>’</span> 
     </span>
    </p>

    <p class='ocr_par' dir='ltr' id='par_1_8' title="bbox 84 2512 2302 2630">
     <span class='ocr_line' id='line_1_20' title="bbox 84 2512 2302 2630; baseline 0.002 -29"><span class='ocrx_word' id='word_1_141' title='bbox 84 2519 476 2606; x_wconf 77' lang='lat' dir='ltr'>academiae</span> <span class='ocrx_word' id='word_1_142' title='bbox 505 2512 803 2630; x_wconf 77' lang='lat' dir='ltr'>nostrae</span> <span class='ocrx_word' id='word_1_143' title='bbox 832 2513 1061 2630; x_wconf 80' lang='lat' dir='ltr'>fizcra</span> <span class='ocrx_word' id='word_1_144' title='bbox 1110 2520 1592 2608; x_wconf 82' lang='lat' dir='ltr'>celebranda,</span> <span class='ocrx_word' id='word_1_145' title='bbox 1647 2536 1720 2597; x_wconf 90' lang='lat' dir='ltr'>et</span> <span class='ocrx_word' id='word_1_146' title='bbox 1737 2513 1988 2629; x_wconf 71' lang='lat' dir='ltr'>fafiei-</span> <span class='ocrx_word' id='word_1_147' title='bbox 2024 2537 2200 2606; x_wconf 76' lang='lat' dir='ltr'>aca-</span> <span class='ocrx_word' id='word_1_148' title='bbox 2227 2539 2235 2545; x_wconf 83' lang='grc'><strong>’</strong></span> <span class='ocrx_word' id='word_1_149' title='bbox 2267 2531 2302 2576; x_wconf 79' lang='grc'>’-</span> 
     </span>
    </p>

    <p class='ocr_par' dir='ltr' id='par_1_9' title="bbox 84 2629 2234 3060">
     <span class='ocr_line' id='line_1_21' title="bbox 86 2629 2200 2752; baseline 0 -38"><span class='ocrx_word' id='word_1_150' title='bbox 86 2629 310 2721; x_wconf 78' lang='lat' dir='ltr'>demici</span> <span class='ocrx_word' id='word_1_151' title='bbox 352 2631 429 2714; x_wconf 81' lang='grc' dir='ltr'>ἰιι</span> <span class='ocrx_word' id='word_1_152' title='bbox 484 2636 698 2728; x_wconf 85' lang='lat' dir='ltr'>aliam</span> <span class='ocrx_word' id='word_1_153' title='bbox 746 2637 1055 2752; x_wconf 79' lang='lat' dir='ltr'>domum</span> <span class='ocrx_word' id='word_1_154' title='bbox 1102 2635 1586 2712; x_wconf 83' lang='lat' dir='ltr'>transferendi</span> <span class='ocrx_word' id='word_1_155' title='bbox 1626 2635 1808 2714; x_wconf 89' lang='lat' dir='ltr'>sunt.</span> <span class='ocrx_word' id='word_1_156' title='bbox 1911 2636 2200 2715; x_wconf 88' lang='lat' dir='ltr'>Succe-</span> 
     </span>
     <span class='ocr_line' id='line_1_22' title="bbox 86 2733 2199 2852; baseline 0.001 -26"><span class='ocrx_word' id='word_1_157' title='bbox 86 2749 184 2826; x_wconf 89' lang='lat' dir='ltr'>det</span> <span class='ocrx_word' id='word_1_158' title='bbox 234 2755 430 2836; x_wconf 83' lang='lat' dir='ltr'>enim</span> <span class='ocrx_word' id='word_1_159' title='bbox 502 2752 580 2826; x_wconf 90' lang='lat' dir='ltr'>in</span> <span class='ocrx_word' id='word_1_160' title='bbox 636 2754 1051 2852; x_wconf 76' lang='lat' dir='ltr'>principes</span> <span class='ocrx_word' id='word_1_161' title='bbox 1071 2753 1249 2849; x_wconf 87' lang='lat' dir='ltr'>reip.</span> <span class='ocrx_word' id='word_1_162' title='bbox 1307 2733 1760 2828; x_wconf 73' lang='lat' dir='ltr'>academicae</span> <span class='ocrx_word' id='word_1_163' title='bbox 1824 2747 2199 2850; x_wconf 85' lang='lat' dir='ltr'>regendae</span> 
     </span>
     <span class='ocr_line' id='line_1_23' title="bbox 86 2863 2234 2968; baseline 0.004 -30"><span class='ocrx_word' id='word_1_164' title='bbox 86 2882 293 2960; x_wconf 83' lang='lat' dir='ltr'>partes</span> <span class='ocrx_word' id='word_1_165' title='bbox 360 2887 453 2944; x_wconf 83' lang='lat' dir='ltr'>ex</span> <span class='ocrx_word' id='word_1_166' title='bbox 504 2865 905 2945; x_wconf 82' lang='lat' dir='ltr'>venerabili</span> <span class='ocrx_word' id='word_1_167' title='bbox 954 2863 1525 2964; x_wconf 82' lang='lat' dir='ltr'>Theologorum</span> <span class='ocrx_word' id='word_1_168' title='bbox 1575 2867 1837 2944; x_wconf 87' lang='lat' dir='ltr'>ordine</span> <span class='ocrx_word' id='word_1_169' title='bbox 1882 2865 2234 2968; x_wconf 69' lang='lat' dir='ltr'>Collega·</span> 
     </span>
     <span class='ocr_line' id='line_1_24' title="bbox 84 2979 2226 3060; baseline -0.001 -7"><span class='ocrx_word' id='word_1_170' title='bbox 84 2979 501 3060; x_wconf 69' lang='lat' dir='ltr'>coniunthff</span> <span class='ocrx_word' id='word_1_171' title='bbox 510 3000 675 3058; x_wconf 87' lang='lat' dir='ltr'>mus</span> <span class='ocrx_word' id='word_1_172' title='bbox 2221 2985 2226 2994; x_wconf 87' lang='lat'>&#39;</span> 
     </span>
    </p>

    <p class='ocr_par' dir='ltr' id='par_1_10' title="bbox 147 3085 1836 3191">
     <span class='ocr_line' id='line_1_25' title="bbox 147 3085 1836 3191; baseline 0.001 -18"><span class='ocrx_word' id='word_1_173' title='bbox 147 3173 163 3191; x_wconf 60' lang='lat'><strong>,</strong></span> <span class='ocrx_word' id='word_1_174' title='bbox 427 3091 571 3174; x_wconf 88' lang='lat'>10.</span> <span class='ocrx_word' id='word_1_175' title='bbox 647 3088 919 3175; x_wconf 83' lang='lat' dir='ltr'>FRID</span> <span class='ocrx_word' id='word_1_176' title='bbox 998 3085 1657 3182; x_wconf 87' lang='lat' dir='ltr'>SCHLEVSNER</span> <span class='ocrx_word' id='word_1_177' title='bbox 1725 3085 1836 3174; x_wconf 88' lang='lat' dir='ltr'>D.-</span> 
     </span>
    </p>

    <p class='ocr_par' dir='ltr' id='par_1_11' title="bbox 84 3207 2332 3654">
     <span class='ocr_line' id='line_1_26' title="bbox 88 3207 2194 3318; baseline 0.004 -36"><span class='ocrx_word' id='word_1_178' title='bbox 88 3208 185 3284; x_wconf 90' lang='lat' dir='ltr'>cui</span> <span class='ocrx_word' id='word_1_179' title='bbox 229 3231 457 3312; x_wconf 88' lang='lat' dir='ltr'>remp.</span> <span class='ocrx_word' id='word_1_180' title='bbox 508 3207 993 3286; x_wconf 86' lang='lat' dir='ltr'>academicam</span> <span class='ocrx_word' id='word_1_181' title='bbox 1044 3231 1258 3285; x_wconf 87' lang='lat' dir='ltr'>curae</span> <span class='ocrx_word' id='word_1_182' title='bbox 1296 3212 1655 3310; x_wconf 86' lang='lat' dir='ltr'>cordique</span> <span class='ocrx_word' id='word_1_183' title='bbox 1687 3209 1850 3300; x_wconf 86' lang='lat' dir='ltr'>effe,</span> <span class='ocrx_word' id='word_1_184' title='bbox 1892 3209 2194 3318; x_wconf 80' lang='lat' dir='ltr'>salutem</span> 
     </span>
     <span class='ocr_line' id='line_1_27' title="bbox 84 3307 2332 3424; baseline 0.004 -28"><span class='ocrx_word' id='word_1_185' title='bbox 84 3307 236 3424; x_wconf 43' lang='lat' dir='ltr'>r‘eipr</span> <span class='ocrx_word' id='word_1_186' title='bbox 288 3307 642 3418; x_wconf 77' lang='lat' dir='ltr'>summam</span> <span class='ocrx_word' id='word_1_187' title='bbox 700 3324 944 3422; x_wconf 87' lang='lat' dir='ltr'>legem</span> <span class='ocrx_word' id='word_1_188' title='bbox 986 3321 1289 3412; x_wconf 86' lang='lat' dir='ltr'>haberi,</span> <span class='ocrx_word' id='word_1_189' title='bbox 1381 3337 1483 3400; x_wconf 91' lang='lat' dir='ltr'>et</span> <span class='ocrx_word' id='word_1_190' title='bbox 1507 3327 1948 3423; x_wconf 88' lang='lat' dir='ltr'>aequitatem</span> <span class='ocrx_word' id='word_1_191' title='bbox 2023 3351 2198 3404; x_wconf 84' lang='lat' dir='ltr'>cum</span> <span class='ocrx_word' id='word_1_192' title='bbox 2313 3363 2332 3390; x_wconf 62' lang='lat' dir='ltr'>r</span> 
     </span>
     <span class='ocr_line' id='line_1_28' title="bbox 84 3431 2196 3542; baseline 0.005 -32"><span class='ocrx_word' id='word_1_193' title='bbox 84 3431 509 3542; x_wconf 80' lang='lat' dir='ltr'>humanitate</span> <span class='ocrx_word' id='word_1_194' title='bbox 560 3437 1101 3525; x_wconf 69' lang='lat' dir='ltr'>coniunctam,</span> <span class='ocrx_word' id='word_1_195' title='bbox 1130 3452 1480 3540; x_wconf 84' lang='lat' dir='ltr'>tanquam</span> <span class='ocrx_word' id='word_1_196' title='bbox 1525 3440 1736 3518; x_wconf 87' lang='lat' dir='ltr'>deam</span> <span class='ocrx_word' id='word_1_197' title='bbox 1789 3441 2196 3521; x_wconf 85' lang='lat' dir='ltr'>nostrarum</span> 
     </span>
     <span class='ocr_line' id='line_1_29' title="bbox 86 3547 2196 3654; baseline 0.006 -34"><span class='ocrx_word' id='word_1_198' title='bbox 86 3569 306 3633; x_wconf 87' lang='lat' dir='ltr'>rerum</span> <span class='ocrx_word' id='word_1_199' title='bbox 367 3550 755 3632; x_wconf 85' lang='lat' dir='ltr'>tutelarem</span> <span class='ocrx_word' id='word_1_200' title='bbox 818 3551 1008 3637; x_wconf 88' lang='lat' dir='ltr'>coli,</span> <span class='ocrx_word' id='word_1_201' title='bbox 1092 3566 1166 3628; x_wconf 91' lang='lat' dir='ltr'>et</span> <span class='ocrx_word' id='word_1_202' title='bbox 1206 3551 1337 3654; x_wconf 81' lang='lat' dir='ltr'>ipli</span> <span class='ocrx_word' id='word_1_203' title='bbox 1393 3547 1780 3642; x_wconf 79' lang='grc' dir='ltr'><strong><em>ιιοιιίιιι3ε,</em></strong></span> <span class='ocrx_word' id='word_1_204' title='bbox 1843 3577 1982 3632; x_wconf 86' lang='lat' dir='ltr'>nec</span> <span class='ocrx_word' id='word_1_205' title='bbox 2030 3579 2196 3651; x_wconf 78' lang='lat' dir='ltr'>vos,</span> 
     </span>
    </p>
   </div>
   <div class='ocr_carea' id='block_1_6' title="bbox 88 3644 2503 3874">
    <p class='ocr_par' dir='ltr' id='par_1_12' title="bbox 88 3644 2503 3876">
     <span class='ocr_line' id='line_1_30' title="bbox 89 3644 2406 3767; baseline 0.003 -30"><span class='ocrx_word' id='word_1_206' title='bbox 89 3659 654 3759; x_wconf 70' lang='lat' dir='ltr'>CommilitoneS,</span> <span class='ocrx_word' id='word_1_207' title='bbox 696 3661 951 3766; x_wconf 73' lang='lat' dir='ltr'>fugere</span> <span class='ocrx_word' id='word_1_208' title='bbox 994 3667 1246 3764; x_wconf 89' lang='lat' dir='ltr'>potest.</span> <span class='ocrx_word' id='word_1_209' title='bbox 1309 3665 1662 3746; x_wconf 55' lang='lat' dir='ltr'>*Habere</span> <span class='ocrx_word' id='word_1_210' title='bbox 1708 3671 1956 3767; x_wconf 79' lang='lat' dir='ltr'>itaque.</span> <span class='ocrx_word' id='word_1_211' title='bbox 1996 3671 2200 3746; x_wconf 83' lang='lat' dir='ltr'>vide·</span> <span class='ocrx_word' id='word_1_212' title='bbox 2265 3652 2285 3668; x_wconf 38' lang='lat' dir='ltr'><em>b</em></span> <span class='ocrx_word' id='word_1_213' title='bbox 2387 3644 2406 3652; x_wconf 49' lang='grc'><em>“</em></span> 
     </span>
     <span class='ocr_line' id='line_1_31' title="bbox 88 3779 2503 3874; baseline 0.001 -20"><span class='ocrx_word' id='word_1_214' title='bbox 88 3795 267 3872; x_wconf 81' lang='lat' dir='ltr'>mur,</span> <span class='ocrx_word' id='word_1_215' title='bbox 324 3807 453 3862; x_wconf 79' lang='lat' dir='ltr'>eur</span> <span class='ocrx_word' id='word_1_216' title='bbox 486 3785 705 3860; x_wconf 86' lang='lat' dir='ltr'>etiam</span> <span class='ocrx_word' id='word_1_217' title='bbox 744 3783 961 3859; x_wconf 84' lang='lat' dir='ltr'>huius</span> <span class='ocrx_word' id='word_1_218' title='bbox 997 3779 1344 3860; x_wconf 84' lang='lat' dir='ltr'>semestris</span> <span class='ocrx_word' id='word_1_219' title='bbox 1377 3782 1760 3874; x_wconf 83' lang='lat' dir='ltr'>decursum</span> <span class='ocrx_word' id='word_1_220' title='bbox 1808 3785 1966 3860; x_wconf 85' lang='lat' dir='ltr'>fore</span> <span class='ocrx_word' id='word_1_221' title='bbox 2005 3799 2200 3860; x_wconf 84' lang='lat' dir='ltr'>tran·</span> <span class='ocrx_word' id='word_1_222' title='bbox 2408 3790 2419 3801; x_wconf 77' lang='grc'><strong>“</strong></span> <span class='ocrx_word' id='word_1_223' title='bbox 2467 3819 2503 3857; x_wconf 91' lang='grc'>.-</span> 
     </span>
    </p>
   </div>
   <div class='ocr_carea' id='block_1_7' title="bbox 87 3895 2254 4158">
    <p class='ocr_par' dir='ltr' id='par_1_13' title="bbox 87 3895 2254 4112">
     <span class='ocr_line' id='line_1_32' title="bbox 87 3895 2254 4090; baseline 0.004 -124"><span class='ocrx_word' id='word_1_224' title='bbox 87 3895 421 3989; x_wconf 84' lang='lat' dir='ltr'>quillum,</span> <span class='ocrx_word' id='word_1_225' title='bbox 484 3898 689 3974; x_wconf 86' lang='lat' dir='ltr'>nulla</span> <span class='ocrx_word' id='word_1_226' title='bbox 728 3897 1023 3988; x_wconf 80' lang='lat' dir='ltr'>licentia</span> <span class='ocrx_word' id='word_1_227' title='bbox 1071 3897 1488 3988; x_wconf 84' lang='lat' dir='ltr'>turbatum,</span> <span class='ocrx_word' id='word_1_228' title='bbox 1563 3898 2037 4090; x_wconf 77' lang='lat' dir='ltr'>prosperitate</span> <span class='ocrx_word' id='word_1_229' title='bbox 2085 3919 2254 4012; x_wconf 35' lang='grc' dir='ltr'><strong><em>εις-Ι</em></strong></span> 
     </span>
     <span class='ocr_line' id='line_1_33' title="bbox 88 4010 2008 4158; baseline 0.006 -76"><span class='ocrx_word' id='word_1_230' title='bbox 88 4011 344 4101; x_wconf 75' lang='lat' dir='ltr'>quabiii</span> <span class='ocrx_word' id='word_1_231' title='bbox 369 4011 1069 4143; x_wconf 80' lang='lat' dir='ltr'>commendabilem</span> <span class='ocrx_word' id='word_1_232' title='bbox 1076 4010 1504 4158; x_wconf 69' lang='lat' dir='ltr'>speremus.</span> <span class='ocrx_word' id='word_1_233' title='bbox 1991 4043 2008 4053; x_wconf 64' lang='grc'><em>”</em></span> 
     </span>
    </p>
   </div>
   <div class='ocr_carea' id='block_1_8' title="bbox 1823 4105 2326 4222">
    <p class='ocr_par' dir='ltr' id='par_1_14' title="bbox 1823 4105 2326 4222">
     <span class='ocr_line' id='line_1_34' title="bbox 1823 4105 2326 4222; baseline 0.004 -20"><span class='ocrx_word' id='word_1_234' title='bbox 1823 4121 2228 4222; x_wconf 56' lang='lat' dir='ltr'>Ceterum.</span> <span class='ocrx_word' id='word_1_235' title='bbox 2319 4105 2326 4114; x_wconf 37' lang='lat'>⁸</span> 
     </span>
    </p>
   </div>
  </div>
 </body>
</html>
