2597 4568
209 248 348 290 -,ι·
439 282 446 298 ,

481 283 576 422 ir}
618 301 862 423 fimas
919 295 1459 416 anniuerfizriis
1512 329 1587 393 a.
1658 299 1901 428 xc„
2014 306 2260 420 <237

190 459 218 472 Ι
1901 459 1912 493 Ι
2270 473 2281 478 -

123 514 504 650 posuimus,
562 509 1068 614 percipienda.
1125 505 1463 587 Videtis
1498 510 1725 593 mein
1756 509 1903 588 hoc
1938 491 2241 592 recenfn'

123 657 245 708 non
303 633 721 708 memorare
782 626 1046 703 famam
1106 647 1190 702 ac
1247 627 1575 702 nominis
1631 630 2241 724 perpetuitatem;

123 745 216 822 etfi
243 759 312 822 et
341 745 472 821 illa
517 741 802 841 gloriae
849 753 924 814 et
967 725 1539 816 immortalitatis
1578 740 1924 830 auiditas,
1986 758 2060 818 et
2113 765 2239 819 vo-

122 859 395 958 luptas..
449 879 678 957 quam
706 854 826 930 ἐκ
882 855 1038 930 eius
1093 851 1591 950 praesenfione
1651 856 1888 970 capiat
1934 855 2239 954 aliquis,

58 1045 66 1058 ,
121 973 358 1050 habet
338 995 417 1048 in
451 984 716 1047 natura
753 969 992 1046 nostra
1037 989 1192 1066 quo
1219 964 1307 1076 se
1361 977 1687 1062 tueatur-3
1765 991 2015 1046 verum
2066 969 2236 1058 hcc,

117 1090 296 1164 etiam
329 1085 663 1184 sapiente
706 1081 902 1160 haud
957 1081 1395 1178 indignum,
1471 1083 1960 1182 perpetuandi
1998 1087 2288 1161 nomi.»

117 1205 208 1276 nis
250 1200 568 1300 studium
624 1201 710 1274 in
747 1219 839 1276 eo
902 1193 1266 1295 pofitum
1291 1192 1429 1272 effe
1479 1196 1743 1286 debet,
1821 1212 1933 1286 vt,
2018 1199 2243 1278 etiam

115 1315 425 1414 posteris,
481 1334 649 1391 cara
685 1310 768 1388 fit
809 1311 1162 1388 memoria
1199 1293 1427 1388 nostr-i
1456 1321 1892 1418 maneatque
1937 1331 2241 1413 propter
2378 1405 2383 1418 ι

116 1429 270 1518 hoc,
330 1429 550 1528 qnod
595 1417 722 1504 aut
760 1425 854 1504 de
895 1424 1102 1536 ipsis,
1179 1437 1345 1512 aut,
1422 1422 1472 1500 fi
1524 1448 1682 1502 non
1720 1424 1825 1515 de
1876 1426 2081 1526 ipsis.
2145 1429 2239 1504 de

119 1566 339 1620 eorum
379 1559 635 1620 tamen
665 1524 1309 1640 progenitoribus,
1393 1539 1693 1639 publice
1740 1542 2271 1642 priuatimque·
2334 1618 2344 1635 x

117 1657 272 1734 bene
303 1660 739 1736 meruimus.
858 1651 1230 1742 Deleclat,
1260 1651 1483 1729 dum
1515 1653 1757 1731 adhuc
1806 1657 1881 1729 in
1936 1653 2055 1734 his
2097 1655 2241 1734 stu·
2312 1677 2325 1688 ’

54 1803 56 1810 ·
115 1771 226 1848 diis
265 1773 631 1866 versatur,
715 1771 1050 1846 animum
1092 1767 1531 1866 generosum
1600 1770 1992 1870 cogitatio,
2076 1770 2241 1870 p'ost

115 1884 168 1960 se
197 1887 368 1963 natis
419 1877 900 1986 profuturum
943 1882 1083 1958 sese
1125 1867 1477 1972 inuentis,
1513 1881 1852 1960 scientiae
1885 1906 2240 2004 augmen·
2310 1969 2316 1978 ‚

117 2003 218 2086 tis
255 2000 724 2078 verioribus
704 2022 781 2072 m
815 1998 1498 2080 commentitiorum
1532 1983 1783 2074 locum
1820 1980 2238 2090 substitutis,

115 2112 592 2213 superstitione
625 2115 868 2220 aliqua
909 2110 1222 2201 sublata,
1275 2111 1586 2189 meliore
1619 2110 1791 2190 luce
1837 2112 2231 2216 proposita.

50 2273 52 2276 >
117 2231 205 2305 via
249 2232 334 2305 ad
368 2234 770 2311 veritatem
833 2250 916 2304 ac
980 2228 1327 2304 virtutem
1382 2207 1672 2303 salebris
1719 2225 1863 2307 suis
1908 2227 2238 2323 liberata,

116 2342 412 2423 faciliore
446 2344 784 2421 tradendi
822 2341 1051 2419 modo
1085 2363 1172 2417 ac
1199 2363 1407 2417 more
1438 2342 1875 2430 monstrato,
1912 2355 2012 2417 et
2048 2366 2240 2449 quae
2328 2390 2334 2407 ·

113 2455 421 2545 sexcenta
478 2461 646 2537 sunt
697 2457 873 2546 alia,
950 2456 1223 2554 quibus
1283 2455 1905 2555 aliquisposteris
1967 2457 2239 2555 perlol-
2276 2454 2340 2533 ”.
2433 2456 2444 2463 “

116 2591 260 2648 vere
287 2575 542 2704 potest
578 2573 908 2649 debitum
943 2567 1168 2659 illud
1255 2590 1411 2671 quo
1432 2568 1573 2645 -ssle
1620 2569 2238 2670 quafissobstristus

117 2702 243 2761 erat
283 2690 417 2777 iis,
477 2689 609 2788 qui
645 2701 813 2762 ante
853 2680 1022 2762 euni
1063 2685 1405 2761 vixerant
1422 2695 1495 2759 et
1528 2706 1567 2758 a
1600 2684 1871 2783 quibus
1912 2683 2239 2784 superio·
2266 2678 2305 2777 ‘fl

116 2818 270 2875 rum
287 2817 606 2882 aetatum
650 2804 949 2877 inuenta
997 2820 1082 2891 ac
1109 2796 1454 2880 meditata
1468 2811 1897 2909 acceperat
2009 2784 2273 2907 Com-'
2334 2820 2387 2907 j

119 2914 474 3007 pensamus
514 2914 1128 3013 acdispungimus
1164 2910 1512 2989 beneficia
1541 2934 1639 2990 ac
1654 2915 1911 2990 merita
1946 2900 2237 3013 patrum

120 3025 194 3103 de
221 3034 434 3108 nobis
445 3053 611 3140 per
643 3052 748 3119 ea,
781 3030 1054 3128 quibus
1085 3027 1176 3105 de
1206 3028 1513 3125 posteris
1552 3029 1740 3105 bene
1760 3030 2241 3125 merebimuss

315 3226 666 3352 Quantus
697 3257 1062 3335 bonarum
1107 3247 1555 3343 litterarum,
1613 3269 1932 3355 quantus
1969 3253 2235 3334 dostri-
2288 3253 2326 3323 Ἃ

122 3385 272 3457 nae,
332 3378 657 3471 quantus
693 3370 1168 3446 institutionis
1216 3392 1416 3447 cum
1428 3369 1568 3447 fide
1614 3370 1772 3447 aliis
1820 3372 2231 3491 impertitae

125 3476 409 3573 frutlus,
468 3484 884 3584 quotuplex
940 3485 1357 3560 iucunditas
1413 3498 1487 3560 et
1535 3484 1921 3583 voluptas,
2002 3480 2233 3584 quam
2282 3512 2287 3517 ·

122 3598 330 3693 ampla
365 3616 438 3679 et
474 3600 782 3677 salubria
822 3601 1139 3697 praemia
1169 3598 1340 3673 fint:
1343 3588 1584 3687 Tuo,
1607 3597 2035 3705 Perillustris
2055 3598 2233 3694 Col-‚-
2356 3606 2367 3617 ‘

126 3702 299 3805 lega,
335 3707 871 3795 Consultiffime
908 3702 1496 3809 BOEHMERE,
1534 3712 1881 3811 exemplo
1911 3729 1983 3787 et
2018 3726 2241 3789 antea'
2316 3716 2321 3722 ⁴

123 3827 451 3917 constitit,
510 3844 586 3905 et
612 3829 758 3903 hoc
795 3829 913 3903 die
955 3828 1072 3901 vel
1095 3848 1419 3901 maxime
1450 3828 1929 3926 intelligitur:
1976 3799 2229 3924 fingu·
2384 3814 2406 3865 ³

125 3926 266 4013 laris
304 3940 482 4019 Tibi
541 3943 1030 4043 illa'felicitas
1091 3942 1458 4037 contigit,
1548 3958 1624 4017 vt
1693 3918 2231 4031 semisaeculare
2318 3934 2339 3945 ’

127 4054 849 4158 tempus-profitendis
885 4056 1068 4132 iuris
1098 4048 1503 4155 disciplinis
1541 4054 1897 4157 exegeris,
1930 4050 2052 4132 Tu
2082 4060 2230 4159 iam
2292 4080 2295 4089 ·
