2597 4568
289 322 294 327 .
335 234 536 365 Ῑ,34·
535 238 541 243 '⁴
582 248 718 343 E
744 208 1034 371 quibus
1055 198 1301 337 terris¹
1324 240 1763 368 mancipia·
1734 270 1815 335 m
1860 192 2355 342 Graecorum
2409 245 2414 253 ’
2492 216 2499 221 .

219 497 226 506 .
336 454 804 555 Nigritaruni
838 458 938 532 ita
973 424 1421 539 defendunt,
1478 465 1593 542 vt,
1628 451 1901 545 etiamst
1934 432 2516 555 Eut-opacorum

338 588 504 649 aere
539 572 652 649 illi
706 594 863 647 non
915 566 1333 669 parenturs
1382 566 1592 645 dom'i
1634 582 1881 645 tamen
1927 570 2005 643 in
2068 568 2541 650 seruitutem*

231 734 236 742 ·
301 709 472 771 eos
495 669 797 769 detrudi
831 685 1144 761 dicantz.
1177 684 1365 763 recte
1404 706 1633 775 ver03
1687 706 1829 760 nec
1860 697 2107 759 tamen
2162 664 2545 771 adfutura⁷

261 827 286 911 ζ
347 798 576 877 effent
611 800 906 875 aliunde
939 810 1054 875 tot
1085 799 1443 875 auaritiae
1464 790 1985 897 prouocandae
2021 799 2511 875 irritamenta.

280 1003 284 1007 ,
341 912 490 995 Etfi
529 914 923 999 fatendum
946 913 1086 1001 est,
1147 908 1196 987 fi
1233 908 1636 1013 Europaei,
1698 912 1906 1011 quod
1946 911 2380 992 humanitas
2430 936 2515 989 ac

345 1028 600 1106 diuina
633 1027 956 1106 doctrina
985 1049 1112 1103 eos
1134 1026 1373 1103 facere
1402 1026 1727 1117 iubebat
1750 1015 2215 1106 leniter'cum
2236 1029 2331 1103 iis
2346 1048 2513 1125 age·

345 1157 550 1231 rent,
613 1162 895 1239 eosque
931 1142 1126 1217 bona
1157 1138 1539 1238 disciplina
1585 1152 1661 1215 et
1710 1140 2177 1217 institutione
2239 1142 2511 1240 imper

173 1326 182 1341 ‚
290 1296 299 1302 ·
347 1258 612 1345 timent,
667 1277 942 1353 magno
975 1278 1148 1331 cum
1169 1256 1437 1355 bono
1424 1252 1554 1331 suo
1586 1262 1713 1334 e‘os
1758 1255 1988 1369 patria
2038 1253 2355 1333 exulare
2400 1253 2507 1332 di-

236 1468 245 1476 »
316 1369 630 1501 'cendos
675 1367 816 1447 effe·
848 1368 1098 1447 videri.

337 1677 346 1697 l
580 1598 1028 1701 Praecipuus
1077 1594 1617 1699 mancipiorum
1668 1608 2031 1677 mercatus
2078 1593 2230 1677 fuit
2274 1602 2355 1677 in
2402 1600 2507 1675 in-

350 1713 508 1791 fula
545 1710 788 1791 Delo:
846 1738 1197 1811 magnum
1233 1728 1307 1788 et
1328 1712 1771 1813 opulentum
1804 1716 2230 1811 emporium
2264 1700 2510 1812 appel-

354 1829 466 1905 lat
496 1828 757 1907 Strabo
799 1822 1050 1925 (XIV.
1096 1851 1163 1925 p.
1193 1830 1379 1922 9'85.
1424 1828 1505 1903 A,
1517 1824 1597 1925 )
1657 1828 1865 1927 quod
1900 1850 2049 1903 vno
2083 1830 2211 1907 die
2244 1828 2505 1929 myria-

355 1942 487 2049 des
518 1942 1057 2038 mancipiorum
1116 1944 1466 2040 recipere
1488 1944 1735 2040 potu-it
1781 1951 1855 2017 et
1902 1942 2340 2035 amandare3
2412 1944 2503 2015 ita

355 2071 440 2131 vt
471 2056 892 2152 prouerbio
903 2077 1205 2154 quoque
1241 2052 1562 2132 veniret:
1618 2052 1898 2131 Delum
1934 2056 2339 2157 appellere,
2383 2076 2500 2130 ex·

281 2198 298 2213 ··
357 2188 652 2269 ponere
681 2190 766 2245 ac
800 2170 1172 2269 vendere,
1234 2192 1471 2246 vnum
1518 2166 1867 2273 idemque
1914 2167 2094 2258 effe,
2178 2185 2334 2245 vno
2385 2189 2499 2243 eo·
2564 2186 2571 2252 4

281 2317 297 2326 ·
362 2282 713 2384 demque
715 2298 1104 2361 momento
1151 2284 1538 2382 negotium
1576 2281 1865 2384 peragi:
1924 2268 2115 2360 Tam
2165 2282 2399 2360 facilis
2434 2276 2500 2356 et

231 2383 256 2412 χ
292 2399 311 2450 ‘⁴
347 2399 751 2496 expeditus
793 2414 945 2475 erat
985 2397 1390 2476 mercatus!
1458 2395 1799 2498 Exempli
1837 2410 2080 2475 autem
2118 2399 2322 2486 loen,
2354 2415 2497 2494 quo

216 2516 223 2524 '
279 2533 290 2548 ·
361 2513 646 2592 constet
679 2513 1071 2610 quomodo
1099 2507 1249 2596 hoc
1288 2515 1648 2589 mercatus
1688 2535 1922 2610 genus
1965 2514 2297 2588 exerceri
2342 2507 2498 2584 soli-

305 2610 519 2706 ‘tum
547 2623 791 2712 fuerit,
814 2627 1559 2706 commemorabimus
1596 2627 1778 2702 haec
1806 2625 2229 2704 eSttabone
2245 2617 2568 2730 (XIV,

316 2735 434 2840 ’,Ρ-
455 2755 657 2836 ’.984
703 2733 834 2838 5.).
953 2738 1321 2843 Tryphon
1346 2732 1703 2818 aduer'sus
1757 2737 2233 2822 Demetrium
2284 2735 2495 2814 Nica·

269 2885 304 2900 ‘·
356 2867 642 2943 torem,
697 2855 827 2953 qui
874 2854 1048 2931 inde
1091 2859 1184 2931 ab
1233 2877 1434 2932 anno
1476 2867 1644 2941 ante
1681 2851 1765 2930 C.
1802 2853 1900 2932 N.
1952 2860 2125 2952 146.
2188 2869 2491 2950 regnum
2566 2863 2568 2898 f

359 2969 620 3070 Syriae
649 2982 1178 3066 occupauerat,
1243 2991 1476 3045 nouas
1524 2991 1637 3044 res
1681 2968 2025 3054 molitus,
2088 2961 2488 3044 coracefio.

93 3113 117 3201 -1
153 3090 156 3100 “
214 3116 222 3122 ‚
359 3083 572 3184 quod
611 3083 688 3156 in
737 3077 1078 3158 confiniis
1119 3079 1425 3158 Ciliciae
1454 3081 1697 3160 versus
1730 3073 2493 3181 Pamphyuamfitum
2562 3149 2566 3156 Α

330 3209 515 3291 ,erat
555 3193 956 3294 oppidum,
1006 3193 1264 3272 insesso
1289 3253 1309 3282 ,
1376 3192 1736 3273 Cilicibus
1768 3209 1843 3272 et
1886 3195 2219 3274 finitimis
2264 3211 2491 3294 popu-

358 3311 502 3398 lis,
565 3311 750 3386 vtin
795 3308 1195 3409 praedandi
1231 3309 1647 3388 societatem
1680 3312 2011 3393 coirent.
2092 3319 2489 3408 regumque

357 3423 630 3522 Syriae,
671 3425 805 3522 qui
848 3437 921 3500 et
952 3421 1084 3522 ipfi
1136 3422 1347 3498 bellis
1386 3423 1743 3500 intestinis
1780 3419 2262 3508 vexabantur,
2294 3433 2487 3495 curas

357 3537 826 3620 distinerent.
881 3551 956 3614 et
987 3560 1028 3612 a
1057 3535 1417 3625 confiliiS,
1478 3559 1670 3637 quae
1709 3535 2030 3637 perfidus
2076 3538 2307 3614 homo
2348 3526 2487 3624 agi-
2564 3565 2566 3572 Α

275 3689 323 3708 -‚
357 3653 606 3744 tabat,
667 3650 1154 3760 abducerent,
1195 3651 1445 3728 audior
1476 3651 1653 3730 fuit.·
1755 3649 2265 3728 Praedationes
2297 3659 2486 3746 prae·

351 3768 578 3863 cipue
615 3766 1163 3864 mancipiorum
1191 3763 1454 3859 fatiam
1484 3787 1653 3848 cum
1690 3780 1764 3843 et
1796 3766 2215 3865 exportatio
2242 3753 2481 3836 facilis,

359 3893 436 3992 et
469 3879 628 3956 vsus
667 3902 928 3965 eorum
966 3881 1160 3954 inter
1218 3863 1599 3957 Romanos
1647 3877 1819 3957 effet
1870 3901 2201 3981 magnus.
2330 3865 2483 3944 Pars

358 3986 438 4072 in
471 3995 790 4074 vicinam
825 3989 1333 4136 Pamphyliam
1368 4007 1793 4100 exportata,
1872 4007 1946 4074 et
1993 3993 2205 4074 Sidae
2254 3983 2481 4062 forum

1295 4161 1305 4164 -
2140 4099 2481 4182 habitum
