2597 4568
359 210 368 223 ’
459 202 625 297 1142
668 176 676 189 ’
735 134 1110 312 Libertas
1141 177 1605 303 populorum
1644 172 1833 276 ¹rari)
1864 208 2033 276 cum
2058 158 2410 308 expetiere

371 414 376 424 ·
445 394 820 471 iuniorum
845 390 1072 471 studia
1104 340 1587 484 refrigescere,
1586 434 1591 445 ·
1610 400 1909 494 operam
1940 393 2130 471 nulli
2160 346 2517 495 disciplinae

446 506 580 585 nisi
631 504 1124 611 ρειὶιιιιὲὶοιίε
1171 512 1246 582 et
1293 504 1495 581 aliud
1542 506 1835 605 agendo
1866 508 2243 609 praestari?
2310 510 2514 604 Quid⁷

445 622 656 723 quod
689 618 820 722 ipsi
855 620 1142 707 vident,
1183 619 1493 696 modico
1518 621 1759 719 pretio
1792 645 1875 699 ea
1907 646 1947 699 a
1980 623 2049 700 se
2085 626 2327 731 parari
2345 623 2514 725 posse,

302 722 312 745 ⁸
441 738 640 814 vnde
667 738 790 813 alii
821 734 1198 835 quaestum
1236 711 1547 810 faciu'nt.
1602 730 1914 839 Itaque
1944 738 2186 815 diariis
2216 754 2286 817 et
2315 740 2515 839 vulga·

397 851 646 928 ‘ribus
705 850 980 929 libellis
1025 845 1476 925 euoluendis
1532 798 1765 927 bonas
1824 851 2043 929 horas
2100 853 2509 943 consumunt,

437 965 989 1076 multarumque
1021 984 1270 1041 rerum
1303 962 1598 1039 notitias
1635 962 1935 1043 summis
1970 966 2183 1048 labiis
2220 968 2509 1055 delibant,

433 1080 935 1179 franguntque
965 1075 1262 1173 leuitate
1297 1075 1691 1159 desultoria
1706 1079 2131 1159 animorum
2171 1085 2367 1167 vires
2395 1084 2513 1181 qui

438 1194 600 1272 bus·
591 1195 910 1273 intentis
954 1191 1043 1268 ad
1075 1164 1433 1267 seneriora
1475 1190 1703 1269 studia
1758 1194 2235 1305 applicandae
2284 1210 2511 1277 mentes

438 1320 664 1387 erant.
782 1304 1016 1401 Quod
1039 1307 1286 1405 itaque
1321 1302 1467 1410 iam
1498 1318 1667 1382 ante
1724 1328 1854 1406 per
1889 1316 2317 1415 corruptam
2356 1300 2525 1387 sebo-¹

411 1420 704 1499 ‚larum
719 1420 1220 1523 disciplinam,
1277 1420 1398 1497 cui
1432 1418 1638 1497 nulla
1668 1406 1992 1501 salutaris
2030 1430 2289 1511 manus
2320 1424 2532 1503 mede-

431 1536 584 1613 lam
613 1534 869 1614 afferre
905 1535 1203 1633 dignata
1237 1534 1358 1623 est,
1381 1547 1455 1611 et
1479 1556 1611 1632 per
1641 1522 1863 1615 cruda
1902 1560 2301 1635 puerorum
2334 1538 2513 1617 studia

179 1623 184 1633 ¹
311 1720 315 1727 .
433 1650 784 1765 gliscebat
823 1650 1140 1737 malum,
1194 1668 1425 1728 nunc
1443 1666 1651 1725 nouo
1688 1648 1947 1729 fomite
1987 1653 2337 1757 subiecto,
2394 1669 2511 1729 tan·

352 1811 364 1825 ι
433 1788 656 1865 quam
696 1762 994 1841 exitiosa
1031 1762 1266 1861 pestis,
1304 1762 1501 1838 lenta
1537 1764 1701 1839 tabe
1730 1777 1807 1841 et
1833 1770 2280 1867 contagione
2314 1766 2513 1847 exedit

431 1879 598 1957 sana
631 1881 876 1957 omnia
915 1890 987 1953 et
1023 1876 1437 1968 exulcerat3
1495 1898 1649 1977 quo
1685 1876 1789 1967 fit,
1824 1891 1905 1956 vt
1934 1881 2295 1963 inlitteris
2322 1882 2532 1959 nostra

429 2005 663 2071 aetate
693 2006 840 2069 tam
888 1991 1036 2067 late
1082 2013 1214 2090 per
1257 2012 1517 2067 omnes
1564 1991 1863 2069 ordines
1912 1993 2203 2095 sparsis,
2274 1998 2509 2099 quoties

427 2107 662 2185 homo
697 2128 865 2183 vere
903 2121 976 2185 et
1011 2118 1341 2183 accurate
1377 2104 1703 2183 eruditus
1750 2113 2042 2187 muneri
2066 2113 2342 2209 ”paullo
2388 2130 2533 2209 gra-2

427 2216 618 2300 v'iori
652 2209 1046 2323 quaeritur,
1065 2218 1319 2298 locum
1348 2218 1613 2328 habeat
1634 2219 2012 2321 vulgatum
2046 2225 2237 2306 illud
2271 2242 2505 2328 poetae,

425 2323 510 2414 vt
538 2335 677 2438 lint
713 2339 836 2412 vix
873 2351 996 2416 tot
1030 2347 1341 2427 numero
1391 2349 1579 2436 quot
1608 2334 1774 2412 sunt
1813 2335 1974 2414 Nili
2021 2340 2223 2418 ostia.
2286 2339 2383 2420 'In
2410 2339 2509 2414 hac

425 2442 678 2550 itaque
711 2453 816 2526 rei
846 2450 1250 2534 litterariae
1258 2451 1690 2527 conditione
1720 2451 2241 2550 gratulandum
2272 2457 2365 2534 est
2390 2475 2530 2528 aca-

305 2563 330 2607 *
425 2565 748 2654 demiae,
799 2566 878 2642 in
910 2587 1054 2664 qua
1083 2563 1529 2643 seueriorum
1556 2563 1961 2643 studiorum
1990 2570 2327 2678 vestigia
2316 2567 2509 2645 adhuc

412 2679 799 2781 supersunt
827 2677 876 2756 fi
910 2701 1064 2757 non
1099 2679 1471 2758 manifesta
1517 2702 1600 2755 ac
1648 2681 1979 2772 crebra,
1970 2681 2267 2762 saltem
2306 2683 2531 2780 aliqua

255 2823 270 2876 3
333 2862 355 2892 ,.
419 2818 560 2873 nec
606 2791 912 2894 prorsus
960 2793 1300 2881 obscura,
1392 2815 1656 2892 resque
1702 2793 2039 2878 habenda
2083 2798 2309 2904 digna
2345 2796 2505 2879 satis,

317 2917 332 2930 ⁴
415 2931 561 3018 pro
593 2932 738 3008 qua
785 2922 857 2984 et
899 2907 1170 3006 gratiae
1206 2906 1601 2984 reddantur
1632 2911 1935 2985 numini
1948 2899 2239 2989 summo
2269 2926 2341 2989 et
2369 2891 2531 2986 fiant

357 3096 361 3102 .
417 3023 988 3124 supplicationes
1037 3019 1427 3098 sollennes.
1541 3019 1838 3100 Facient
1884 3024 2067 3109 hoc
2089 3025 2225 3102 viri
2282 3021 2503 3105 diserti,

330 3173 336 3182 ·
419 3140 513 3216 ad
544 3139 909 3238 pristinam
942 3135 1357 3217 litterarum·
1377 3136 1641 3236 partim
1668 3159 1957 3235 copiam
1970 3161 2063 3220 ac
2100 3131 2507 3220 varietatem,

417 3255 698 3355 partim·
739 3249 1195 3362 diligentiam
1237 3265 1311 3327 et
1358 3249 1827 3326 subtilitatem
1876 3251 2040 3354 fasti
2087 3272 2161 3331 et
2202 3249 2500 3354 expoliti.

415 3367 607 3444 Sunt
633 3369 836 3442 enim
856 3367 966 3442 his
997 3364 1160 3465 ipsis
1180 3364 1631 3444 sollennibus
1650 3364 1910 3442 summi
1940 3370 2334 3447 academici
2360 3387 2506 3443 con·

411 3480 696 3564 ferendi
731 3480 1052 3558 honores
1077 3479 1473 3570 candidatis
1505 3477 1792 3577 aliquot
1821 3480 2233 3560 dofflffimis
2252 3508 2287 3576 ;.
2327 3506 2363 3557 a
2384 3477 2507 3557 De·

327 3605 344 3626 ⁵
415 3618 607 3674 cano
637 3597 938 3695 quidem
973 3589 1280 3673 Ordinis
1305 3594 1591 3678 medici,
1631 3590 1935 3672 HENR.
1978 3590 2528 3692 AVG.WR18-4

344 3729 347 3732 ’
387 3706 678 3818 'BERG
709 3707 1177 3788 notatione
1205 3705 1643 3812 praemissa,
1650 3713 1751 3794 ‚de
1800 3713 2205 3789 renotatione
2246 3711 2503 3788 Gallica,
2526 3703 2528 3798 ι

314 3826 321 3852 ¹
399 3829 779 3929 principum
817 3851 896 3900 ac
939 3849 1282 3941 procerum
1333 3824 1651 3920 Europae
1680 3822 1997 3923 studium
2010 3838 2082 3904 tt
2126 3821 2529 3902 attentionem*

398 3938 805 4045 smmopere
835 3931 1276 4042 efflagitante„
1328 3952 1646 4040 quatuor
1658 3934 2083 4018 candidatis
2116 3935 2509 4126 ἀίςιιιίϊιέιίε

1668 4089 1679 4102 .
2452 4068 2484 4124 ιι
