2597 4568
215 186 562 384 praemia
597 276 676 352 et
707 203 1164 394 quuffliffer
1185 261 1276 357 in
1322 286 1397 348 a.
1432 219 1967 383 LXXXIX.
2082 287 2195 386 13

73 471 240 551 Nam
265 469 457 571 quid
487 467 587 545 est
623 465 830 568 quod
858 467 996 546 ab'
971 435 1284 567 ingenio
1308 465 1653 546 humano
1674 470 2195 572 proficiscatur.
2318 476 2323 484 ’

67 585 246 688 quod
280 608 472 670 non
495 586 574 658 in
610 579 972 670 diuersas
961 583 1212 682 partes
1243 581 1473 674 trahi,
1512 607 1669 662 non
1698 587 1781 662 in
1811 588 2198 677 vtilitatem

73 723 430 779 noxamue
464 699 650 779 verti
683 695 936 798 possit!
1013 697 1220 798 quod
1272 697 1372 774 est
1426 697 1787 778 societatis
1830 686 2195 788 h'umanae

72 818 501 903 institutum,
557 811 765 912 quod
805 835 961 890 non
998 810 1232 890 laudis
1271 813 1541 938 pariter
1581 837 1665 892 ac
1700 818 2203 916 repreheufio·

64 935 158 1007 nis
186 931 576 1007 materiam
605 927 951 1004 idoneam
990 928 1357 1027 praebeat,
1382 927 1520 1026 pro
1551 941 1747 1007 tanta
1776 927 2199 1028 hominum,

60 1047 548 1144 ingeniorum,
581 1037 1093 1130 voluntatum,
1155 1039 1783 1144 confiliorumque
1826 1052 2201 1142 varietate,

63 1160 446 1258 vsibusque
511 1153 808 1235 diuersis
870 1155 1439 1273 contrariisque
1460 1159 1732 1257 quibus
1783 1162 2037 1242 eadem
2085 1189 2249 1244 res,

59 1271 480 1352 adhibetur!
551 1268 814 1371 Itaque
847 1271 1128 1370 optima
1164 1293 1505 1372 quaeque
1556 1285 1631 1350 et
1694 1268 2051 1358 vtiliffima
2102 1284 2221 1360 ab·

59 1385 589 1490 improbiffimo
664 1406 972 1486 quoquc
1025 1385 1117 1462 ad
1195 1383 1499 1464 exitiosa
1544 1385 1843 1467 consilia
1914 1394 2198 1474 defledi

63 1503 398 1606 ιιοίῑιιιιι.Ι
509 1499 692 1594 Quo
738 1497 867 1590 fit,
944 1511 1025 1578 vt
1072 1501 1294 1578 etiam
1344 1495 1701 1610 instituta,
1785 1507 2200 1592 multorum

63 1635 470 1718 temporum
508 1617 632 1691 vsu
679 1616 990 1716 probata
1085 1615 1319 1693 modo
1361 1635 1533 1692 cum
1567 1630 1991 1718 temporum
2028 1647 2203 1724 pro.

65 1733 320 1834 gressu,
418 1730 654 1809 modo
715 1743 1062 1829 repente,
1157 1745 1727 1830 corrumpantur
1770 1759 2198 1838 noxamque

65 1848 544 1926 contrahant..
633 1841 920 1922 Verum
967 1845 1189 1920 nimis
1239 1856 1417 1922 nota
1458 1845 1637 1923 haec
1690 1847 1891 1940 sunt,
1948 1875 2196 1953 quam
2248 1867 2255 1882 '
2336 1923 2343 1932 .
2408 1848 2413 1856 ’

63 1981 124 2040 ιι
165 1967 246 2039 in
319 1965 410 2038 iis
472 1936 865 2036 vniuerfim
945 1957 1447 2036 memorandis
1520 1941 2009 2056 laborandum
2086 1968 2191 2048 fit.
2288 2037 2295 2052 .

53 2077 542 2158 Maneamus
523 2099 602 2154 ιιι
629 2083 903 2174 ‘genere
938 2073 1088 2150 hoc
1108 2097 1353 2151 rerum
1384 2075 1463 2150 in
1497 2097 1677 2177 quo
1682 2101 1852 2158 cum
1876 2085 2197 2160 maxime

51 2185 434 2269 versamur.
557 2185 976 2266 Certamiua
1010 2189 1202 2265 inter
1234 2202 1397 2265 vet-e
1403 2213 1512 2266 res
1567 2213 1737 2270 cum
1792 2218 2198 2298 corporum

47 2322 190 2385 tum
225 2306 723 2404 ingeniorum
774 2306 1194 2403 viguerunt.
1328 2302 1627 2396 Quanta
1685 2332 1953 2389 eorum
2002 2314 2198 2393 bona

51 2424 239 2499 fuere
275 2422 574 2519 ingenti
608 2417 822 2496 laude
855 2432 930 2495 et
975 2415 1519 2518 praedicatione
1564 2422 1954 2522 magnifice
2008 2429 2201 2507 cele-

53 2532 284 2614 brata!
367 2551 442 2611 at
491 2530 746 2625 eadem
793 2535 1192 2611 certamina
1241 2551 1433 2633 quot
1480 2540 1925 2638 quantisque
1973 2545 2217 2621 noxis'

47 2654 246 2730 fuere
307 2645 685 2728 obnoxia!
751 2645 1210 2749 ‘Corporum
1274 2648 1577 2747 quidem
1643 2659 2192 2757 exercitatione,

43 2773 250 2845 cuius
295 2762 720 2865 neglectum
771 2786 910 2839 nos
943 2762 1198 2861 multis
1247 2760 1685 2865 magnisque
1726 2770 1937 2847 malis
1987 2772 2219 2873 saepe,

45 2882 365 2970 luimus,
419 2876 606 2977 quid
641 2874 779 2955 effe
821 2879 1074 2977 potuit
1107 2874 1395 2966 vtilius‚
1443 2878 1589 2955 illis
1634 2883 1969 2981 inprimis
2008 2901 2201 2963 aeta-

24 3001 281 3085 -tibus·‚
348 2994 736 3092 inquibus
776 2994 1045 3069 virium
1093 2992 1364 3080 robur,
1434 2998 1939 3076 membrorum
1988 3002 2201 3099 agili..

61 3122 172 3198 tas,
233 3108 598 3186 velocitas
634 3107 947 3207 pedum,
996 3104 1087 3187 ad
1121 3129 1275 3182 rem
1313 3105 1701 3186 militarem
1727 3126 2009 3191 tantum
2035 3139 2200 3193 mo·

59 3228 276 3303 nenti
313 3225 642 3299 haberet.
757 3221 960 3299 Abiit
985 3220 1230 3319 postea
1273 3222 1511 3307 r'esad
1563 3248 1847 3303 morem
1896 3230 2195 3309 inanem

55 3342 218 3416 etad
268 3326 544 3414 ludum
580 3334 1256 3438 spectaculumque,
1317 3337 1627 3413 inuenta
1668 3338 1835 3417 sunt
1874 3366 2071 3421 noua
2111 3366 2197 3426 ac

53 3458 214 3531 mira
273 3452 768 3531 certaminum
836 3472 1144 3549 genera,
1213 3451 1487 3549 quibus
1548 3476 1945 3554 corporum
2003 3462 2191 3537 vires
2246 3444 2253 3460 ⁴

53 3590 186 3645 non
233 3569 698 3665 augerentur
726 3566 846 3642 sed
874 3564 1425 3663 frangerentur,
1485 3570 1929 3678 habitusque
1960 3596 2195 3651 mem.

24 3670 354 3759 ?brorum
391 3703 548 3757 non
583 3679 984 3779 fingeretur
1014 3694 1086 3756 et
1120 3680 1653 3781 emendaretur,
1694 3692 1969 3770 ve‘rum.
2000 3688 2194 3767 vitiu
2317 3707 2325 3716 ‘

25 3796 216 3875 ¹adeo
261 3810 478 3875 certo
510 3788 990 3895 praescripto,
1015 3778 1474 3871 obefitatem
1520 3820 1603 3873 ac
1660 3800 2195 3903 pinguedinem

59 3930 204 4011 tum
255 3911 587 4051 vastitate
593 3926 1024 4059 corporum
1063 3918 1164 3985 et
1176 3909 1515 4047 tarditate
1547 3914 2191 4107 ίιιςειιίοιιιξιιιᾳιιο

1895 4030 1953 4106 st
2007 4051 2189 4131 pore
2336 4098 2342 4105 .

321 4186 370 4217 l
