2597 4568
173 326 767 460 Longinquar.
820 325 902 414 in
933 321 1066 418 bar,
1069 321 1317 412 birros
1364 319 1687 442 expedit.
1735 211 1965 439 diffie.
2070 345 2195 442 3ς

48 536 501 622 tentiorum,
555 543 633 608 vt
687 505 810 618 fit,
865 529 1204 630 prolapsi.
1341 527 1455 606 An
1504 531 1583 605 in
1635 491 1960 631 imperiis
2006 531 2239 614 oth-³

45 667 444 730 manorum
477 670 560 723 ac
595 643 1034 734 Persarum,
1071 667 1166 721 an
1203 646 1280 719 in
1315 643 1501 721 aulis
1539 646 1877 724 meliora
1890 671 2091 726 nunc
2131 653 2202 730 se
2264 749 2274 759 δ
2310 650 2317 656 ’

59 763 442 843 offerunt?
533 757 728 837 Cum
775 761 1072 858 agmine
1127 759 1433 836 modico
1487 757 1909 840 Alexander
1952 764 2203 864 profe-

57 882 182 957 dus
221 882 705 964 innumeras,
775 875 899 951 sed
955 872 1043 952 ad
1113 874 1573 951 barbaricum
1627 874 1886 954 fastum
1918 881 2202 979 -potius

45 1019 262 1096 quam
299 992 400 1070 ad
431 990 764 1067 habitum
806 988 1194 1066 militarem
1247 987 1685 1087 compositas
1733 995 2025 1093 copias,
2072 994 2202 1072 etfi

41 1113 106 1186 in
185 1109 308 1186 his
389 1106 717 1201 numeris
775 1100 1248 1180 ferocissimae
1295 1116 1372 1180 et
1440 1102 1871 1202 asperrimae
1937 1121 2221 1206 gentes·

39 1225 544 1307 habebantur,
593 1219 772 1296 vicit
803 1231 880 1292 et
928 1239 1163 1314 regno
1209 1213 1525 1292 Darium
1558 1221 1787 1295 exuit.
1908 1221 2203 1316 Quidni

41 1353 252 1419 tanto
291 1337 533 1412 maior
567 1331 745 1409 adiit
792 1331 1311 1430 probabilitas»,
1354 1352 1547 1407 cum
1594 1355 1637 1406 e
1686 1333 1949 1412 vicinis
2006 1337 2201 1416 locis

45 1458 194 1532 duo
239 1445 777 1527 valentissima
757 1448 1062 1545 imperia
1099 1443 1511 1527 coniunffls
1548 1449 1767 1528 armis
1804 1447 1984 1525 fines
2005 1447 2205 1550 Oth·
2282 1473 2295 1480 ·

50 1568 318 1646 manici
355 1563 652 1664 imperii
687 1560 1250 1659 aggrediantur,
1302 1558 1462 1637 fore
1498 1572 1576 1636 vt
1618 1560 1810 1638 illud
1854 1568 2199 1644 omnium

55 1683 469 1763 malorum,
557 1676 868 1775 quibus,
919 1673 1341 1750 dominatio.
1406 1675 1783 1772 impotens
1865 1675 2225 1756 laborare'·

49 1796 322 1897 potest.
397 1789 602 1868 mole
647 1812 690 1867 a
727 1788 970 1914 multo
1002 1788 1178 1864 inde
1222 1777 1559 1888 tempore
1600 1789 1975 1883 fatiscens,
2052 1816 2205 1872 vno
2273 1805 2309 1896 ᾗ

48 1912 184 1990 istu
243 1901 646 1988 corruat?-

271 2019 810 2099 Verumtamen
871 2036 1012 2093 nec
1067 2014 1327 2094 'lirinus
1402 2017 1824 2116 potentium
1880 2021 2213 2120 populo-

45 2164 214 2217 rum
275 2159 376 2230 ac
447 2157 706 2232 regum
783 2131 1296 2231 expeditiones
1342 2129 1805 2231 longinquae
1894 2137 2212 2214 infelici·
2324 2163 2337 2182 ‘

48 2269 152 2332 ter
227 2249 598 2350 susceptae
651 2249 724 2323 in
785 2267 1030 2323 rerum
1087 2245 1441 2321 memoria
1489 2248 1851 2345 prostant:
1929 2266 2007 2329 vt
2041 2248 2215 2329 Per..

49 2370 286 2446 sarum
328 2366 410 2441 in
445 2362 748 2464 Scythas
782 2384 952 2436 cum
995 2358 1194 2435 Asiae
1230 2375 1389 2437 tum
1412 2356 1776 2461 Europae,
1809 2364 1885 2437 in
1910 2366 2238 2451 Aethio-¹

55 2508 176 2583 pes
217 2502 516 2581 porto..
556 2478 741 2554 etin
777 2472 1000 2575 ipsam
1051 2472 1482 2568 Graeciam3
1538 2474 1663 2551 etsi
1708 2476 2060 2557 successus
2098 2484 2215 2557 in·
2306 2478 2326 2511 ·’

57 2597 376 2696 tereepti
408 2588 683 2670 caussae
717 2592 798 2665 in
846 2587 1096 2683 medio
1147 2589 1315 2665 sunt
1374 2586 1687 2688 politae,
1763 2616 1937 2670 cum
1978 2596 2217 2673 corifi-

57 2712 246 2787 lium
284 2723 364 2785 et
396 2707 730 2783 militaris
775 2706 944 2780 artis
976 2702 1573 2804 prudentiaeque
1621 2708 2033 2784 moderatio
2086 2713 2218 2787 ab·

61 2824 308 2914 esset,⁸
357 2845 499 2899 nec
545 2819 837 2897 fraudes
891 2827 966 2893 et
1010 2815 1312 2895 insidiae
1364 2816 1526 2897 satis
1574 2834 2051 2913 canerentur,
2109 2837 2219 2901 -et

65 2948 523 3039 pugnaretur
553 2958 724 3011 cum
759 2932 1214 3009 fortioribus.
1334 2927 1595 3030 Pyrrhi
1629 2934 1931 3033 quidem
1967 2937 2043 3013 in
2076 2935 2221 3015 Ita·

71 3054 230 3129 liam
260 3076 360 3128 ac
397 3049 758 3132 Siciliam,
843 3060 919 3122 et
953 3044 1217 3123 fimiles
1266 3044 1442 3124 alias
1493 3048 1801 3125 minoris
1851 3055 2220 3129 momenti

75 3162 586 3267 expeditiones
615 3163 938 3239 excitare
971 3160 1347 3237 nolumus·
1466 3156 1721 3239 Vnum
1760 3162 1861 3240 est
1898 3152 2260 3243 maxime‘
2321 3154 2332 3166 ’
2366 3252 2374 3262 ἃ

79 3276 559 3361 memorabile
609 3272 1043 3374 exemplum
1092 3274 1591 3375 expeditionis
1638 3276 1731 3353 ad
1786 3300 2231 3378 recuperan·
2304 3288 2320 3295 ’

77 3396 229 3472 dam
253 3378 532 3472 terram
564 3390 870 3471 sanctam
902 3388 1268 3491 susceptae
1300 3388 1483 3465 inde.
1504 3413 1542 3464 a
1564 3388 1853 3467 saeculo
1876 3388 2056 3479 XII.
2095 3394 2228 3473 'etsi

78 3506 242 3587 haec
273 3530 594 3609 quoque
629 3502 943 3581 successu
977 3505 1362 3601 expectato
1399 3526 1555 3579 non
1600 3506 1912 3583 caritura
1962 3506 2234 3601 fuisset,
2305 3522 2341 3549 ‘

82 3620 124 3697 fi
155 3624 470 3699 meliora
503 3618 803 3699 confilia
842 3616 1272 3719 placuissent
1302 3618 1662 3708 ducibuS,
1713 3643 1853 3697 nec
1880 3622 2230 3722 ipfiintet

82 3736 140 3813 se
167 3741 456 3827 aerius,
511 3758 736 3835 quam
781 3756 958 3811 cum
1005 3731 1384 3821 hostibus,
1455 3730 1932 3831 pugnassent3
2010 3736 2237 3837 quod

86 3847 132 3922 fi
173 3853 376 3927 enim
410 3852 712 3927 fortuna
748 3848 852 3923 vti
891 3844 1260 3923 nouiffent
1277 3845 1402 3925 illi
1448 3847 1527 3923 in
1562 3869 1807 3927 rerum
1850 3852 2237 3951 principiis

86 3960 236 4041 satis
277 3963 664 4067 prospera:
703 3947 1162 4051 haberemus
1195 3981 1406 4059 nunc
1434 3960 1675 4041 Asiam
1708 3986 1749 4040 a
1780 3965 2009 4041 nullis
2040 3963 2240 4045 oth·
2450 4062 2457 4071 .

99 4082 316 4158 manis
354 4092 734 4174 vexatam3
768 4083 844 4155 e't
877 4092 1190 4178 quantas
1221 4067 1471 4269 grpm
1502 4079 2237 4271 mutationes,dtffigpr
2332 4086 2336 4091 ’
2572 4158 2579 4166 ,

661 4414 704 4431 .-
739 4402 744 4407 .
