2597 4568
253 236 258 250 ’
347 274 392 381 Ι·
470 269 553 349 et
608 253 1130 345 Romanorum
1189 258 1268 345 in
1293 218 1718 369 inficlcim.'
1976 238 2149 374 269

93 464 356 541 solent.
419 459 602 555 Qu'o
653 459 848 561 ipso
869 482 1167 551 eorum,
1235 452 1523 560 *ouibus
1569 404 2015 563 magistratus
2064 464 2147 543 hi

95 578 494 665 mandantur,
575 570 1036 652 vtilitatibus
1061 572 1509 663 consulitur.
1599 598 1693 661 ne
1742 600 1781 653 a
1832 580 2023 655 cutis
2070 592 2147 680 et

98 694 273 767 studiis
303 687 522 767 solitis
563 684 674 764 iIli
717 689 806 763 ad
843 686 978 764 alia
1017 691 1307 765 auocati
1354 689 1675 778 diutius,
1748 707 1966 789 quam
2014 712 2147 790 pat

103 806 224 893 erat,
272 805 745 895 detineantur.
863 798 980 877 Est
1015 803 1261 901 itaque
1295 802 1449 878 dies
1482 803 1608 878 iste
1652 796 1843 881 in'ter
1883 807 2149 883 iucun-

99 918 264 993 diores
305 904 724 1015 habendae,
775 935 973 1013 quo,
1025 916 1211 991 iusto
1237 927 1577 1014 tempore
1625 919 1924 1008 exano,
1984 934 2182 1025 naa-2

93 1033 342 1127 gistratus
371 1029 679 1127 insigma
718 1029 1244 1129 deponuntur;
1296 1029 1689 1130 multoque
1720 1031 1848 1133 ille
1910 1034 2145 1133 magis

91 1144 254 1221 laetus
288 1169 364 1223 ac
397 1144 791 1235 sollennis,
853 1142 945 1234 fi,
993 1133 1186 1221 salua
1219 1156 1293 1217 et
1336 1145 1693 1221 incolumi
1737 1124 2152 1245 republica,

91 1259 412 1369 prospero
390 1258 636 1336 rerum
667 1254 922 1345 cursu,
955 1260 1145 1333 inter
1179 1259 1515 1333 omnium
1552 1257 1955 1337 fauentium
1998 1259 2149 1337 stu4

95 1372 192 1458 dia,
217 1372 606 1481 magistratu
647 1370 1006 1449 decedere
1035 1372 1371 1468 contigit.
1457 1368 1574 1447 Est
1604 1395 1683 1447 ea
1712 1371 1863 1471 ipsa
1898 1386 2148 1457 rerum

95 1488 339 1563 conditio
372 1511 452 1563 ae
487 1486 706 1562 facies
746 1508 882 1583 pro
940 1484 1256 1581 auspicio
1292 1481 1615 1561 secundo
1666 1484 1999 1564 habenda
2046 1490 2143 1579 ei,

97 1603 176 1695 qui
197 1603 257 1675 in
275 1602 602 1678 abeuntis
623 1598 874 1676 locum
895 1598 1286 1677 succedens
1309 1599 1797 1697 magistratum
1824 1600 2143 1701 suscipit.
2200 1608 2207 1615 ’
2306 1688 2311 1697 ,

95 1708 200 1787 Hoc
242 1717 472 1815 itaque
535 1714 842 1791 nomine
910 1710 1361 1811 gratulamur
1426 1716 1605 1789 noui
1692 1716 2146 1813 magistratus

95 1820 212 1901 laeta
237 1830 536 1934 auspicia
577 1818 770 1921 Viro
802 1824 1065 1902 Illustri
1118 1840 1192 1901 et
1240 1818 1915 1924 Experientiffimo,

202 1925 646 2021 HENRICO
710 1934 1192 2017 AVGVSTO
1259 1935 1804 2021 WRJSBERG
1862 1940 1964 2021 D.

97 2054 374 2149 quinunc
399 2059 578 2154 reip.
629 2054 1081 2133 academicae
1132 2076 1385 2132 curam
1434 2053 1760 2157 suscipit,
1823 2080 1935 2143 eo
1967 2081 2143 2138 cum
2232 2130 2239 2139 .

95 2168 263 2244 animo
292 2194 370 2247 ac
409 2168 813 2254 voluntate,
851 2183 951 2256 vt,
988 2168 1343 2267 quicquid
1378 2166 1743 2268 Georgiae
1772 2171 2143 2274 'Augustae
2198 2216 2217 2251 ι.

85 2280 490 2374 .vtilitatibus‚
577 2283 1047 2371 commodis,
1133 2281 1561 2381 splendori,
1660 2287 2157 2379 ornamentis,

93 2395 261 2474 vestris
293 2411 578 2487 autem,
643 2389 1254 2483 Commilitones.
1312 2399 1726 2475 commodis
1760 2411 1834 2476 et
1864 2400 2144 2491 studiis.

89 2501 164 2583 sua
186 2534 375 2610 opera·
406 2535 490 2590 ac
525 2532 696 2589 eura
733 2513 1115 2600 accedere,
1173 2533 1212 2586 a
1235 2510 1303 2587 se
1340 2516 1572 2610 parari
1610 2511 1939 2645 possitae
1972 2537 2147 2613 pro-
2282 2591 2289 2600 ,

91 2615 234 2714 spici,
282 2627 350 2702 id
385 2651 422 2704 a
465 2625 534 2703 se
563 2625 822 2704 sedulo
857 2640 1190 2702 curatum
1242 2637 1318 2700 et
1360 2624 1747 2702 effeclnm
1726 2629 1855 2717 iri,
1908 2626 2148 2706 sancte
2216 2616 2259 2714 „¹

78 2725 560 2839 {etampliffimis
583 2735 848 2818 verbis
880 2738 1357 2840 polliceatur..
1404 2737 1575 2816 Nec
1611 2742 1857 2818 minus
1889 2741 2145 2842 itaque

78 2863 172 2934 ‚vos
201 2857 252 2928 ei
291 2858 727 2954 promittetis
759 2877 843 2932 ac
875 2853 1325 2954 spondebitis
1362 2852 1821 2952 obsequium
1838 2867 1913 2932 et
1940 2879 2149 2932 amo..

96 2977 222 3054 rem,
271 2972 892 3080 consentietisque
929 2981 1002 3044 et
1051 2964 1555 3065 conspirabitis
1598 2969 1677 3042 in
1724 2967 1927 3046 idem
1968 2987 2141 3069 pro-

97 3077 328 3166 politum
357 3085 725 3160 retinendi
781 3097 854 3158 et
885 3067 1230 3158 seruandi
1281 3079 1661 3178 tranquilli
1712 3104 1954 3159 rerum
2002 3105 2148 3164 no-

97 3183 309 3272 strarum
340 3198 592 3283 stat'us,
643 3217 796 3296 quo
841 3195 1244 3271 litterarum
1296 3193 1525 3268 studia
1582 3191 1758 3270 fine
1776 3197 1983 3273 omni
2028 3199 2144 3274 in-

98 3308 522 3402 terpellatione
555 3325 629 3386 et
657 3319 1141 3387 auocamento
1192 3308 1490 3404 ingenia
1540 3303 1763 3384 vestra
1810 3321 2135 3398 teneant.
2198 3295 2219 3318 ⁰

97 3413 383 3500 obleilent
416 3440 488 3502 et
520 3439 828 3511 ornent,
898 3445 1036 3498 nos
1081 3435 1327 3496 autem
1380 3423 1805 3498 muneribus
1857 3437 1932 3502 et
1976 3421 2143 3502 offi-

100 3525 180 3602 ciis
212 3536 446 3622 nostris
492 3537 826 3636 religiose
867 3535 1230 3614 obeundis
1265 3535 1669 3613 industriae
1690 3557 1797 3612 ac
1851 3539 2143 3624 virtutis

99 3633 291 3724 studius
340 3653 628 3751 optatos
694 3655 827 3728 rite
872 3651 1256 3746 capiamus
1376 3644 1569 3727 Cum
1624 3663 1866 3732 autem
1914 3653 2141 3750 magi·

103 3747 278 3836 stratus
315 3763 710 3864 capessendi
745 3762 1053 3864 auspicia
1095 3745 1449 3838 sollennia
1504 3761 1811 3844 crastino
1865 3761 1985 3839 die
2032 3766 2141 3842 fa·

105 3863 283 3949 cienda
318 3875 447 3955 {int
481 3865 825 4012 publice,
867 3871 1169 3984 pomp‘a
1216 3877 1293 3950 in
1353 3875 1715 3974 templum
1782 3877 2141 3962 academi-
2198 3917 2205 3924 ’

105 3993 216 4064 cum
243 3988 482 4071 duciae.
507 3997 596 4090 jis
631 4007 708 4071 vt
737 3993 1158 4093 frequentes
1187 3987 1665 4089 fauentesquc
1701 3985 1947 4068 adeffe
1964 3991 2143 4088 veli,-

1903 4153 1917 4164 κ
2018 4107 2135 4197 tie,

1534 4270 1539 4279 '
1571 4288 1616 4329 κ
