2597 4568
199 281 214 306 ¹
285 239 490 334 alios'
525 238 982 356 acl'conlbnfi
1004 237 1102 330 'in
1143 237 1330 354 fuas
1364 211 1712 360 opinion.
1750 211 2101 368 pertrab'
2163 273 2275 377 3

117 453 210 529 est
243 427 851 554 opportunitate,
937 445 1465 564 agendumque
1487 451 1953 549 vobiscum,
2025 456 2277 554 Ciues,

113 571 200 644 de
234 591 316 643 re
375 567 620 678 aliqua
677 563 768 640 ad
821 566 1260 671 communia
1303 555 1713 650 litterarum
1768 569 1999 651 studia
2058 592 2134 655 et
2183 582 2281 662 ad

111 704 314 760 curas
353 679 696 756 liberali
676 661 984 798 lngenio
1021 679 1282 778 dignas
1318 680 1725 800 spectante,
1776 707 1818 761 e
1849 685 2279 790 temporum

120 797 508 874 hominum
592 813 990 894 rerumque
1075 794 1489 871 rationibus
1556 775 1958 900 cauffisque
2032 807 2275 894 duda.

113 912 456 988 Afferunt
504 923 748 986 autem
795 908 946 1009 ipsa
1003 920 1339 1007 tempora
1392 911 2009 1014 circumspicienti
2053 943 2277 1022 argu.

109 1040 451 1104 mentum
471 1047 638 1100 vere
673 1022 1058 1126 populare,
1079 1023 1300 1125 quod
1318 1045 1458 1100 nec
1488 1023 1897 1107 destrinam
1924 1057 2273 1136 magnam
2384 1041 2389 1052 '

113 1161 250 1218 nec
277 1139 773 1220 subtilitatem
803 1135 1198 1228 desiderat,
1259 1137 1576 1236 dignum
1606 1153 1895 1236 tamen,
1971 1151 2049 1226 in
2104 1174 2265 1252 quo

113 1255 588 1333 consumatur
619 1252 927 1328 horulae
959 1251 1509 1344 confabulatio,
1588 1277 1761 1335 cum
1795 1262 1957 1337 eius
1984 1281 2265 1364 pertra-

115 1371 324 1446 &tatio
369 1369 464 1446 ad
509 1367 910 1444 acuendam
943 1367 1198 1444 iudicii
1234 1370 1385 1444 vim
1446 1368 1524 1444 in
1575 1369 1703 1460 iis,
1786 1393 1979 1476 quae
2028 1379 2263 1486 vulgo

115 1485 284 1562 satia
318 1483 702 1573 videmus,
756 1481 1166 1610 iudicandis
1210 1475 1451 1559 valere
1482 1483 1697 1584 possit
1726 1507 1821 1565 ae
1860 1489 2146 1576 debeat.
2280 1592 2287 1608 ,

335 1711 624 1790 Mirum
680 1725 756 1789 et
809 1705 1246 1790 incredibile
1314 1706 1437 1789 est
1476 1705 1893 1794 hominum
1936 1687 2259 1805 studium

106 1827 610 1929 pertrahendi
621 1826 806 1903 alios
844 1826 933 1904 ad
973 1822 1321 1902 assensum
1372 1828 2063 1935 persuasionemque
2098 1844 2263 1944 opi-

107 1948 423 2020 nionum
457 1960 639 2041 quas
677 1940 808 2042 ipfi
844 1941 1230 2034 fouemus3
1293 1956 1525 2018 certat
1546 1943 1734 2022 illud
1769 1969 1937 2024 cum
1987 1957 2271 2050 quouis
2364 1999 2371 2008 ·

105 2059 250 2135 alio
285 2058 520 2133 animi
545 2056 892 2132 humani
919 2053 1217 2145 affeciu,
1280 2056 1585 2157 abitque
1615 2061 1987 2142 interdum
2025 2070 2107 2142 in
2140 2067 2265 2146 fu.

107 2161 352 2248 rorem
414 2170 952 2272 insaniamque,
1027 2172 1127 2246 ita
1171 2181 1251 2245 vt
1293 2189 1467 2247 vere
1522 2194 1661 2272 pro
1706 2179 1980 2256 morbo
2030 2178 2323 2279 animi,-¹

105 2288 387 2373 haberi
399 2281 652 2386 poffit,
703 2310 794 2367 eo
831 2308 978 2387 que
1007 2283 1387 2362 insanabili
1424 2302 1497 2363 et
1532 2290 1867 2371 exitioso,
1986 2290 2262 2376 inlidet

42 2396 45 2409 '
107 2419 353 2479 autem
394 2404 699 2477 morbus
743 2400 872 2477 ille
907 2414 1116 2477 tanto
1145 2402 1451 2498 grauior
1478 2415 1555 2479 et
1582 2401 2263 2511 periculofior,quo
2358 2434 2381 2447 ··

107 2518 344 2594 leuius
363 2516 470 2591 est
505 2516 729 2591 animi
759 2516 1145 2600 iudicium,
1169 2536 1325 2615 quo
1368 2518 1601 2614 magis
1636 2532 1911 2597 temere
1946 2522 2269 2628 suscepta

42 2630 45 2641 '
113 2636 202 2708 est
241 2632 551 2733 opinio,
613 2630 1216 2731 quoque·minus
1248 2631 1567 2707 veritatis
1613 2647 1824 2709 notas
1883 2634 2107 2715 habet
2154 2641 2273 2732 id..

42 2736 45 2841 s
108 2748 314 2847 quod
358 2744 581 2824 nobis
617 2764 753 2843 pro
785 2742 1166 2824 certissima
1205 2747 1505 2821 veritate
1536 2745 2053 2846 persuafimus3
2087 2777 2265 2835 cum
2340 2830 2357 2849 „

42 2846 45 2869 '
111 2874 394 2945 eontra,
451 2881 610 2958 quo
644 2861 876 2957 magis
916 2856 1246 2989 res'ipsas
1278 2857 1676 2960 perspectas
1714 2858 2115 2958 habemus,
2153 2872 2266 2947 in.

42 2968 44 2971 ’
107 2975 716 3073 telleximusque,
739 2996 927 3073 quae
967 2976 1045 3049 in
1093 2974 1180 3048 iis
1218 2969 1357 3046 snt
1384 2992 1641 3073 parum
1646 2972 1905 3054 firma
1928 3001 2069 3061 nec
2100 2984 2264 3063 satis
2306 2980 2318 2994 “

42 3084 45 3191 j
112 3090 538 3188 explorata,
593 3111 630 3165 a
666 3090 940 3201 quibus'
991 3086 1395 3218 principiis
1424 3086 1553 3165 illa
1594 3088 1733 3168 sint
1774 3094 2131 3192 profesta,
2194 3112 2271 3176 et
2336 3150 2345 3155 -
2398 3104 2415 3121 “

114 3228 307 3304 quae
367 3204 461 3299 ad
515 3202 944 3279 consensum
1004 3203 1080 3278 in
1131 3200 1320 3278 haec
1362 3204 1739 3305 principia
1770 3211 2266 3321 requirantur,
2323 3205 2332 3214 ’

117 3343 198 3411 eo
239 3319 564 3415 magis]
517 3316 564 3393 s
572 3339 734 3393 mus
771 3317 987 3417 aequi
1043 3328 1118 3392 et
1159 3314 1411 3425 faciles
1458 3318 1537 3391 in
1588 3316 1895 3397 dissensu
1949 3323 2269 3405 aliorum

69 3433 456 3511 ’ferendo
575 3430 850 3524 Quid?
893 3430 1136 3531 quod,
1209 3452 1366 3531 quo
1402 3432 1651 3563 magis·
1683 3413 2271 3520 imbecillitatem

118 3548 398 3646 ingenii
435 3538 784 3635 humani,
845 3546 1333 3622 institutionis
1366 3568 1403 3619 a
1445 3548 1688 3645 pueris
1720 3547 1894 3626 inde
1930 3570 2274 3655 acceptae
2368 3598 2383 3609 »

113 3664 286 3750 vim,
305 3662 763 3762 opinionum
799 3658 1273 3759 popularium
1316 3656 1461 3735 alte
1490 3658 1671 3737 aciae
1709 3663 2008 3757 radiceS,
2030 3684 2277 3749 terum

42 3866 44 3871 Ι
117 3768 456 3865 naturas,
523 3788 598 3851 et
624 3777 1022 3851 notionum
1079 3772 1680 3909 iudiciorumque
1722 3770 1827 3853 de
1874 3781 1962 3855 iis
2007 3782 2277 3863 caussas

42 3974 44 3981 ,
115 3908 204 3964 et
243 3893 606 3977 rationes,
669 3886 1048 3977 tenemus,
1115 3912 1209 3965 eo
1259 3890 1505 3964 minus
1560 3902 1687 3968 aut
1735 3890 2103 3990 speramus
2147 3912 2281 3981 aut

111 4006 192 4115 in
243 4008 438 4083 votis
470 3996 857 4095 habean,
891 4006 976 4081 vt'
1007 4002 1626 4195 iisdemAiudiciis
1639 4007 2279 4123 opinionibusque

1376 4140 1425 4219 ιι
1572 4140 1601 4161 ⁸
1692 4201 1699 4207 ‚
1830 4128 2277 4200 'teneamur
