2597 4568
178 232 201 281 Ι

330 386 337 401 ,
394 276 593 409 ‘420
670 384 676 395 ,
856 273 1392 377 Litterarum
1441 278 1815 371 bonarum
1849 278 2110 379 {badia
2213 292 2217 304 '

426 490 633 595 quod
667 488 863 569 vitae
896 491 1355 599 dignitatem,
1379 489 1782 579 honorem,
1832 438 2332 604 principatum,
2364 512 2506 565 con-

340 629 365 679 ·.
428 609 725 694 tineat,
777 606 1297 705 perceperint:
1359 604 1623 705 partim
1671 604 2031 704 exemplis
2082 594 2216 681 suis
2267 604 2502 691 luxum,

312 790 319 799 .
422 724 966 825 arrogantiam,
1003 722 1448 806 vanitatem,
1449 714 1849 805 desidiam,
1909 722 2136 795 animi
2187 718 2502 793 leuitatem

426 840 505 915 in
546 837 767 935 Ιιιίι3ιιι
822 833 1229 921 inducunt,
1309 836 1574 933 partim
1612 828 2056 933 grauissimas
2106 835 2281 932 reip.
2331 832 2508 908 admi-

312 1004 319 1013 ·
424 950 836 1039 nistrandae
882 958 1093 1025 curas
1142 964 1530 1079 partesque
1595 946 1849 1025 inscite
1895 963 1968 1023 et
2026 947 2326 1023 infauste
2363 945 2505 1021 susti-

427 1084 650 1154 nent,
714 1080 942 1164 vtque
972 1061 1173 1139 hoc
1152 1087 1461 1162 impune
1510 1060 1746 1141 facere
1789 1060 2102 1161 poffint,
2163 1042 2392 1138 bonos
2429 1063 2506 1133 in-

328 1238 341 1253 ,
427 1153 849 1281 telligentes
892 1198 1039 1277 que
1078 1180 1273 1253 viros
1309 1202 1348 1253 a
1389 1188 1629 1254 rerum
1665 1176 2288 1254 administratione
2323 1172 2508 1261 arcere

428 1294 704 1393 solent,
766 1294 1038 1393 bonam
1084 1286 1410 1375 m'e'ntem
1453 1294 1909 1391 priuatorum
1947 1290 2337 1391 hominum
2375 1289 2508 1363 libe·

352 1486 362 1493 ,
426 1402 809 1509 talemque
872 1407 1408 1501 institutionem
1470 1408 1650 1482 odio
1703 1406 1978 1483 habent
2037 1414 2378 1518 tanquam
2419 1400 2510 1477 fibi

432 1524 815 1619 infestam,
876 1521 1171 1621 plebem
1212 1536 1456 1597 autem
1509 1544 1664 1597 non
1716 1520 1863 1597 tani
1912 1520 2221 1595 'meliora
2274 1510 2508 1597 edoceri

431 1642 759 1747 cupiunt
784 1658 1077 1739 quam
1113 1650 1194 1710 vt
1227 1634 1635 1712 maioribus
1676 1636 1958 1711 iniuriis
2007 1634 2397 1723 adsuescat,
2450 1626 2511 1703 ad

281 1730 286 1749 ’
339 1768 353 1781 ’
426 1752 800 1852 stuporem
840 1712 1150 1847 deprimi
1189 1728 1646 1855 belluinum
1699 1765 2008 1825 manant
2029 1751 2283 1849 itaque
2319 1763 2381 1823 et
2419 1744 2514 1820 ser·

390 1882 622 1967 'punt
671 1848 881 1941 mala
893 1864 983 1939 ad
1018 1863 1399 1940 inferiores
1433 1808 1729 1941 ordines
1777 1888 1815 1939 a
1847 1864 2363 1962 superioribus,
2399 1879 2512 1935 non

426 1980 643 2103 facile
691 1980 783 2056 ab
832 1976 1304 2054 inferioribus
1345 1979 1734 2054 ordinibus
1774 1979 1867 2056 ad
1911 1978 2347 2085 superiores,

634 2201 895 2302 Quod
944 2206 991 2283 fi
1030 2204 1221 2283 ‘haec
1269 2200 1470 2286 ita'se
1505 2196 1801 2298 habent,
1864 2204 2193 2296 necdum
2224 2185 2389 2291 ¹fuit,
2421 2198 2514 2301 qui

426 2321 638 2434 aliter
679 2323 747 2398 se
784 2317 963 2400 h'aec
1004 2323 1275 2399 habere
1326 2321 1700 2410 docuerit,
1778 2321 2243 2401 eliminatum
2288 2325 2416 2398 iam
2448 2313 2514 2390 est

433 2453 507 2516 et
564 2436 893 2546 euulsurn
934 2440 1314 2524 mentibus
1375 2434 1746 2514 assertum:
1826 2433 2146 2527 litteraS,
2225 2441 2512 2533 tanquam

428 2547 741 2640 infestas,
800 2540 1137 2650 imperiis
1160 2551 1419 2629 nostris
1454 2547 1590 2627 effe
1633 2551 2172 2655 expellendaS,
2202 2569 2275 2630 et
2314 2546 2514 2625 litteris

349 2688 355 2698 ·
433 2650 752 2765 expulfis
790 2665 1055 2772 naeli‘us
1102 2664 1239 2743 effe
1295 2690 1434 2742 nos
1487 2661 1793 2744 aciutos.
1909 2663 2200 2743 Verum
2244 2689 2396 2744 cum
2427 2663 2512 2734 iu·

368 2847 385 2858 .
431 2779 623 2868 dicia
670 2763 825 2890 ista
845 2804 884 2856 a
923 2781 1395 2887 perturbatis
1413 2785 1516 2858 ira
1554 2773 1892 2879 odioque
1934 2783 2218 2858 animis
2254 2773 2511 2882 profetia

355 2972 361 2986 ,
428 2892 695 2980 effent,
752 2881 908 2972 non
938 2889 1412 2973 intellectum
1461 2893 1592 2978 est,
1665 2895 1874 2994 plura
1918 2896 2158 2972 verbis
2205 2896 2343 2973 illis
2387 2910 2510 2992 pro-

322 3081 327 3086 .
390 2999 799 3103 -nuntiari,
858 3014 1081 3117 quani
1117 2988 1266 3110 ipsa
1319 3033 1431 3086 re·-
1421 3005 1960 3092 affeuereQntur
2071 3011 2318 3088 Omnes
2361 3005 2508 3081 enim

328 3141 333 3148 “
430 3123 733 3211 litteraS,
776 3143 1162 3222 omnemque
1177 3123 1378 3202 adeo
1403 3123 1782 3200 liberalem
1822 3123 2228 3202 doctrinam
2262 3147 2339 3200 ac
2371 3120 2512 3192 vitae

428 3231 890 3338 disprIinam
940 3263 979 3319 e
1034 3225 1283 3320 medio
1330 3237 1682 3316 fublatam
1740 3261 2009 3330 nemo,
2095 3239 2227 3316 nifi
2277 3219 2508 3337 prorsus

290 3378 300 3388 ·
372 3414 381 3430 ,
434 3353 791 3441 delirans,
852 3353 1046 3432 velle
1078 3358 1257 3430 etin
1317 3357 1506 3429 votis
1543 3352 1812 3430 habere
1859 3357 2134 3452 potest3
2196 3352 2316 3429 etfi
2357 3342 2509 3447 audi-

298 3466 359 3492 ‘'
431 3483 608 3545 mus
656 3469 848 3544 inter
895 3465 1215 3545 Francos
1285 3468 1724 3566 insanientes
1777 3465 1914 3558 esse
1940 3473 2115 3568 qui
2191 3491 2294 3548 eo
2331 3476 2509 3564 vsque

330 3621 333 3628 ·
434 3580 833 3672 insaniant,
853 3597 971 3672 vt
1006 3605 1266 3661 omnes
1302 3561 1814 3662 bibliothecas
1833 3599 2205 3671 crematas,
2261 3591 2512 3658 omnem

434 3695 841 3774 litterarum
894 3695 1412 3794 supellectilem
1457 3712 1532 3774 et
1575 3717 2044 3797 apparatum,
2107 3715 2362 3774 omnes
2389 3707 2512 3762 aca-

434 3810 710 3888 demias
765 3823 839 3887 et
868 3811 1190 3909 collegia
1231 3812 1507 3908 sublata
1547 3805 1684 3888 effe
1720 3812 1968 3890 velint.
2087 3811 2302 3907 Qua-e
2327 3799 2510 3882 enim.

434 3925 770 4018 extinctis
808 3915 1079 4003 artibus
1112 3925 1600 4038 scientiisque,
1645 3927 1970 4026 indeque
2006 3921 2384 4003 obscuratis
2413 3933 2514 4011 per

318 4101 335 4108 -
430 4063 693 4140 prauas
722 4039 1137 4139 religiones
1168 4057 1283 4134 et,
1290 4039 1690 4155 ignorato
1737 4045 1925 4120 vitae
1970 4040 2244 4120 socialis
2280 4039 2420 4113 iure
2449 4045 2514 4098 ac

2217 4167 2222 4179 '
2318 4161 2504 4224 mole,
