2597 4568
289 138 486 308 ulios
525 213 638 306 ad
651 183 980 362 econfmfi
1025 221 1106 308 in
1141 215 1697 340 suas‘opinion.
1722 289 1733 296 .
1747 215 2097 340 per-trab
2220 233 2293 332 ς

336 421 824 520 Ιειω,,ειηῐεω,
883 428 989 504 vti
1027 424 1499 519 necess'arium
1524 481 1545 512 ‚
1572 427 1673 504 ita
1708 411 1791 502 et'
1822 425 2107 504 salubre
2136 425 2269 504 sta-

14 543 23 634 >
95 540 388 618 ruimus
427 535 588 629 effe,
613 555 688 618 vt
715 544 796 617 in
829 541 1128 642 summis
1167 544 1501 622 iuxtaac
1530 542 1857 619 minimis
1885 537 2266 620 diflideant

14 677 16 682 ·
92 658 296 731 inter
337 653 414 732 se
447 653 832 750 homines3
892 655 1232 758 nihilque
1264 656 1426 734 fore
1460 655 1943 756 pern'iciofius
1992 671 2067 732 et
2103 657 2263 734 exi-

106 768 398 858 tiofius,
480 793 710 870 quam
753 769 810 848 fi
858 772 1112 850 eadem
1165 771 1489 880 persuasa
1535 770 1665 848 libi
1709 770 1982 848 habere
2026 771 2259 848 videri

101 885 336 961 velint
371 907 663 963 omnes,
753 883 1032 982 Quod.
1057 890 1256 963 enim
1292 909 1388 966 ex
1418 885 1785 964 hu'manae
1815 889 2115 964 naturae
2146 909 2258 964 ra-

90 1000 308 1076 tione
353 995 518 1078 fieri
545 999 761 1080 nullo
795 1001 1030 1080 modo
1061 1002 1295 1101 potest
1317 1059 1339 1090 ,
1368 995 1560 1104 (qua
1594 1001 1791 1098 enim
1836 1003 1944 1090 vi,
1978 1004 2253 1104 quibus

85 1113 494 1204 machinis,
555 1116 635 1192 in
668 1131 866 1196 tanta
899 1118 1416 1224 ingeniorum,
1474 1116 1742 1194 mentis
1773 1118 2082 1206 virium,
2138 1118 2254 1214 in-⁸

14 1321 16 1328 Ι
87 1229 538 1320 stitutionis,
581 1233 922 1311 omnium
971 1231 1216 1308 rerum
1266 1229 1419 1308 fiue
1464 1253 1506 1307 a
1550 1245 1856 1337 ‘naturae
1891 1233 1963 1308 vi
2012 1227 2163 1310 fiue
2207 1254 2252 1310 a

81 1343 503 1420 voluntatis
564 1345 932 1425 humanae
977 1348 1322 1424 varietate
1381 1341 2041 1446 proficiscentium,
2132 1345 2248 1424 di-

79 1455 425 1551 versitate
459 1458 551 1564 ad
585 1461 896 1538 eandem
935 1461 1297 1560 opinandi
1349 1473 1423 1537 et
1473 1459 2242 1550 iudicandimormam
2334 1533 2341 1545 .

14 1583 17 1648 l
75 1573 481 1671 adigantur
507 1569 883 1678 omnes?)
943 1577 1019 1652 id
1055 1574 1104 1652 fi
1143 1589 1393 1660 tamen
1431 1577 1963 1677 extorqueatur
2011 1592 2085 1653 et
2114 1600 2245 1656 co·
2296 1598 2321 1670 ’,

14 1697 17 1834 ᾗ
83 1703 336 1784 gatur,
400 1701 532 1765 aut
565 1689 655 1766 ad
689 1691 1158 1772 mendacium
1192 1705 1270 1768 et
1309 1689 1623 1789 speciem
1650 1695 2239 1769 commentitiam

14 1835 16 1910 3
77 1801 488 1904 falsamque
525 1803 763 1882 redire
812 1801 1093 1882 neceffe
1149 1805 1295 1899 est;
1376 1818 1505 1881 aut
1547 1803 1738 1882 illud
1799 1805 2113 1906 stuporis
2164 1819 2241 1884 et

73 1918 546 2016 ignorantiae
632 1931 990 2020 tanquam
1067 1919 1465 2019 caliginem
1546 1921 1809 1997 animis
1857 1919 2231 1998 induciam

71 2033 362 2132 arguit,
417 2034 516 2109 ita
551 2046 632 2108 vt
665 2035 980 2112 omnino
1022 2033 1213 2112 nihil
1260 2033 1724 2134 intelligant,
1790 2033 1989 2145 ⁸nihil
2041 2035 2234 2112 iudi·
2314 2105 2323 2116 .

68 2162 266 2226 cent.
391 2145 610 2225 Nihil
643 2148 830 2226 adeo
863 2139 1000 2226 effe
1040 2149 1276 2249 potest
1309 2148 1518 2250 quod
1550 2147 1808 2250 paullo
1842 2148 2236 2250 sapientior

69 2263 396 2363 quisque
427 2284 515 2341 ac
551 2263 990 2365 prudentior
1021 2270 1266 2342 minus
1296 2265 1379 2341 in
1414 2265 1605 2344 votis
1640 2263 1941 2353 habeat,
2000 2288 2229 2365 quam
2281 2272 2309 2315 ·'

67 2391 140 2451 vt
189 2378 468 2460 iisdem
521 2381 1006 2479 opinionibus
1052 2378 1452 2479 religiofiS,
1506 2366 1801 2457 eodem
1854 2378 2229 2459 dotirinae

16 2480 19 2607 ἰ
65 2489 483 2589 systemate,
545 2491 800 2570 eadem
844 2492 1300 2594 persuasione
1326 2492 1423 2571 de
1448 2496 1721 2585 'rebu8,
1769 2488 1959 2594 quae
1991 2495 2083 2572 ab
2114 2480 2243 2573 iri-⁸

16 2608 18 2619 '
63 2603 286 2683 finitis
343 2603 604 2684 cauffis
645 2609 725 2683 in
775 2608 973 2687 idem
1030 2602 1647 2687 concurrentibus
1697 2608 2010 2710 pendet,
2075 2622 2232 2717 yta-
2282 2700 2295 2720 s
2364 2707 2373 2720 .
2418 2708 2427 2715 ,
2541 2632 2556 2644 ‘

63 2744 228 2797 mur
263 2742 563 2799 omnes.
677 2720 832 2801 Vix
868 2722 1014 2801 vlla
1049 2726 1351 2810 euenire
1386 2719 1601 2824 poffit
1647 2726 1882 2803 maior
1923 2724 2221 2803 calami-

63 2847 166 2911 tas
209 2830 720 2937 omniumque
767 2839 1186 2929 bonorum,
1277 2836 1555 2940 quibus
1606 2839 1685 2913 in
1753 2837 1901 2921 hoc
1962 2863 2213 2919 rerum
2286 2880 2289 2886 ·
2410 2844 2417 2859 '

61 2950 236 3026 statu
297 2950 676 3029 tolerabili
736 2951 1089 3041 fruimur,
1154 2950 1475 3040 euerfi'o‚
1550 2974 1776 3051 quam
1827 2952 1920 3043 fi,
2006 2950 2243 3053 quotl‘

67 3064 270 3143 multi
309 3067 396 3141 in
449 3066 644 3143 votis
687 3054 1002 3157 habent.
1071 3068 1407 3161 eueniat,
1483 3078 1603 3157 vt,
1683 3068 1889 3145 verbi
1957 3066 2216 3167 cauffa,

75 3201 320 3257 omnes
353 3193 432 3257 et
462 3180 776 3258 vniuerfi
812 3184 888 3259 in
923 3180 1188 3281 placita
1226 3182 1469 3260 nostra
1522 3180 1856 3281 religiosa
1910 3181 2217 3269 consen-
2302 3216 2309 3229 ·
2361 3218 2371 3233 ·

67 3296 251 3371 tiant.
379 3293 564 3372 Non
593 3298 793 3374 enim
816 3354 839 3387 ,
873 3294 1006 3373 nifi
1039 3293 1250 3374 ouini
1280 3296 1642 3388 sentiendi
1686 3316 1781 3374 ex
1813 3296 2065 3376 animo
2101 3298 2215 3375 iu-

65 3407 501 3508 dicandique
536 3409 884 3489 facultate
917 3434 958 3487 e
1009 3412 1262 3519 medio
1305 3410 1582 3490 sublata
1629 3408 1787 3490 fieri
1835 3412 1915 3489 id
1952 3410 2237 3515 pollet-0·

66 3520 264 3615 Quin
325 3521 890 3626 sapientiffimus·
939 3527 1260 3628 quisque
1324 3538 1401 3603 et
1444 3526 1775 3628 optimus
1829 3520 1908 3602 id
1954 3530 2211 3630 potius

65 3627 218 3733 'aget
261 3636 550 3731 sedulo,
604 3628 736 3732 rt,
798 3664 991 3741 quae
1029 3638 1727 3741 scitu'iudicatuque
1754 3640 1907 3741 ipse
1941 3642 2207 3741 viderit
2344 3670 2365 3703 -·

71 3748 189 3828 effe
217 3751 571 3846 meliora,
617 3754 1045 3857 perspicue,
1098 3754 1453 3863 candide,
1504 3753 1651 3835 fine
1686 3756 1930 3836 studio
1962 3769 2038 3834 et
2067 3758 2199 3847 ira,
2242 3808 2245 3811 ·

79 3866 390 3944 tradatet
425 3848 728 3970 publice
761 3882 1128 3968 exponat3
1167 3892 1565 3972 rerumque
1594 3868 1781 3956 adeo
1808 3878 2204 3975 argumeu-
2301 3956 2361 3975 „.
2406 3892 2411 3900 ’

81 3978 184 4070 tis,
232 4004 387 4068 non
425 3988 748 4086 partium
797 3984 1083 4081 studio,
1160 3984 1349 4065 alios
1395 3989 1477 4065 in
1517 3986 1948 4066 sententiam
2000 3986 2243 4097 suam·

563 4102 570 4109 ’
1170 4098 1252 4187 Α,
1301 4124 1337 4197 3
1506 4114 1515 4121 ·
1595 4183 1602 4193 ,
1798 4099 2195 4207 pertrahet,
