2597 4568
387 191 508 358 Ab
614 200 1161 366 Longinquar.
1199 248 1280 334 in
1336 195 1713 354 barbaro}
1759 203 2083 366 Expedit.
2129 247 2361 377 dlffic.

289 440 296 457 '
384 451 602 534 frasta
637 475 740 531 ac·
761 449 994 533 soluta
1025 461 1377 552 tanquam
1420 452 1586 528 tabe
1623 449 2095 545 diffluebant,
2150 457 2247 534 ita
2282 467 2364 532 vt
2399 479 2545 535 nec

384 570 676 646 animus
715 589 857 644 nec
905 565 1250 642 voluntas
1300 564 1685 677 superesset
1736 568 2081 666 populiS,
2138 568 2261 648 'vt—
2298 575 2542 670 capita

380 685 796 764 obiicerent
833 701 1040 757 nouo
1073 679 1262 758 hosti
1296 705 1436 782 pro
1486 691 1729 759 vetere
1773 681 2128 773 domino,
2191 707 2415 786 quem
2458 690 2543 764 in

381 797 456 876 fe
500 797 770 876 saeuire
813 805 961 882 tam
1021 793 1333 894 superbe
1390 809 1467 872 et
1513 797 1968 907 impotenter
2016 801 2537 889 meminerant,

295 973 300 976 -
380 924 465 991 vt
493 911 835 1010 grauiora
863 909 957 985 ab
990 908 1200 986 hoste
1228 932 1419 1010 quae
1444 925 1869 988 metuerent
1904 911 2105 996 haud
2150 912 2533 1001 haberent.

605 1132 774 1216 Iam
813 1135 863 1214 fi
909 1137 1298 1238 praeterita
1347 1135 1439 1216 ad
1488 1137 1725 1214 nostra
1771 1151 2106 1257 tempora
2156 1141 2534 1220 transferi-

336 1257 586 1334 'mum
635 1253 728 1329 de
763 1253 1186 1352 quaestione
1219 1252 1429 1351 supra
1464 1252 1883 1352 propofita
1862 1277 1940 1332 ιιι
1979 1277 2205 1354 quam
2244 1247 2535 1357 partem

373 1333 838 1449 statuendum
875 1365 997 1454 fit,
1053 1365 1270 1443 facile
1305 1365 1614 1443 iudicari
1649 1369 1911 1486 potest.
2030 1367 2141 1446 lta
2166 1393 2366 1448 nunc
2402 1396 2535 1448 ex·

223 1482 230 1504 ¹
277 1537 288 1566 ,.
377 1481 578 1560 onita
613 1483 714 1560 est
751 1479 895 1568 vita
932 1477 1534 1581 Europaeorum,
1609 1477 1877 1557 artium
1928 1493 2011 1558 et·
2060 1483 2529 1566 scientiarum

367 1599 702 1676 inuentis
747 1599 844 1676 ita
880 1591 1331 1695 locupletata
1361 1607 1437 1671 et
1464 1596 1787 1684 munita,
1831 1619 1913 1673 ea
1950 1610 2193 1674 rerum
2235 1613 2532 1700 tempo·

373 1723 697 1820 rumque
726 1709 904 1787 facta
937 1711 1036 1786 est
1075 1711 1537 1799 immutatio,
1610 1723 1732 1797 vt,
1812 1709 1941 1787 nifi
1990 1715 2267 1790 mutuis
2322 1717 2525 1794 odiis

223 1801 234 1824 ⁸
375 1837 462 1906 ac
505 1803 882 1903 discordiis
918 1820 1052 1922 ipfi
1083 1821 1162 1899 se
1207 1835 1559 1912 atterant,
1636 1835 1765 1900 aut
1823 1823 2011 1902 luxu
2056 1849 2145 1903 ac
2202 1807 2529 1908 mollitie

372 1913 688 2019 confesti
749 1937 1176 2038 viribusque
1241 1937 1567 2015 exhausti
1619 1933 2001 2029 deficiant,
2070 1943 2162 2019 ab
2210 1953 2532 2022 externo

367 2054 576 2132 hoste
607 2051 768 2129 satis
797 2051 1180 2148 videantur
1217 2049 1357 2128 effe
1388 2053 1549 2130 tuti.
1666 2049 2129 2156 Incursanes
2162 2055 2325 2132 sane
2362 2059 2531 2135 bar-

245 2219 252 2230 1
369 2170 761 2255 batorum,
829 2141 1086 2266 quales
1137 2164 1631 2266 Mogolorum
1676 2165 1911 2244 fuere
1932 2191 2019 2245 ac
2066 2153 2527 2263 Turcorum,
2567 2251 2568 2257 Ν

357 2283 493 2361 ¹vel
543 2281 910 2372 Arabum,
986 2279 1144 2359 fieri
1187 2277 1465 2361 necesse
1524 2278 1698 2365 effet
1744 2280 1892 2359 flue
1940 2306 2031 2362 ex
2084 2271 2528 2390 propinquo

371 2398 542 2477 flue
564 2421 605 2474 e
656 2400 962 2475 remotis
1007 2398 1237 2473 territe.
1382 2393 1446 2473 A
1505 2398 1979 2496 propioribus
2038 2400 2525 2480 barbarorum

369 2498 620 2613 regnis
672 2506 864 2587 nihil
913 2480 1423 2590 metuendum
1448 2507 1585 2589 effe
1647 2507 2027 2611 Europae,
2121 2516 2566 2595 manifestis‘

365 2642 617 2705 rerum
666 2626 1116 2727 argumentis
1166 2625 1468 2702 constat.
1598 2620 1783 2703 Non
1842 2628 2042 2703 enim
2088 2624 2564 2707 Turcoru'm'

288 2829 295 2841 ,
367 2743 763 2842 imperium
807 2741 906 2817 ita
934 2740 1419 2817 constitutum
1458 2738 1596 2831 est,
1659 2752 1751 2816 ·vt
1790 2738 1939 2817 fiue
1990 2740 2314 2828 Austtiae
2364 2738 2564 2823 flue}

365 2853 655 2935 Rulliae
689 2854 874 2930 fines
905 2876 1212 2932 mouere
1255 2868 1335 2931 et
1377 2853 1539 2932 suae
1571 2854 1836 2931 ditioni
1868 2854 2150 2955 aliquid
2181 2856 2357 2935 inde
2390 2842 2562 2935 adss⁴

133 3015 141 3025 ι
252 3002 272 3067 j
363 2972 590 3049 iicere
647 2966 895 3070 poffit;
971 2967 1206 3069 quid?
1287 2966 1493 3067 quod
1540 2990 1634 3044 ne
1672 2968 1831 3068 spes
1875 2970 2177 3068 quidem
2224 2970 2313 3047 iis
2368 2974 2562 3055 vlla

175 3164 193 3207 .·
253 3082 260 3093 ’
322 3084 721 3187 superest,
782 3095 864 3160 vt
897 3095 1179 3183 ereptas
1227 3081 1361 3159 fibi
1408 3095 1632 3193 terras
1688 3098 2200 3183 recuperent.
2264 3082 2527 3165 Persae

229 3546 256 3611 ss
360 3554 445 3620 vt
481 3566 576 3620 ne
609 3540 1014 3643 verendum
1053 3541 1353 3640 quidem
1394 3538 1514 3631 sit,
1566 3563 1661 3617 ne
1692 3553 2066 3627 terrarum
2104 3544 2527 3623 vicinarum

157 3805 162 3817 ·
223 3787 230 3799 ‘
360 3769 712 3850 barbaros
773 3766 1204 3849 Rufforum
1197 3762 1435 3849 ar'ma
1478 3751 1694 3847 facile
1739 3770 2241 3868 compescunt.
2360 3768 2523 3847 Re..

363 3214 652 3289 autem,
681 3198 1118 3278 domesticis
1152 3194 1527 3279 discordiis
1574 3196 2211 3297 seditionibusque
2256 3204 2525 3293 attriti,

361 3316 445 3420 iq
482 3312 772 3415 seipsos
808 3312 1210 3389 etiamnum
1238 3313 1338 3389 ita
1368 3310 1722 3401 saeuiunt,
1744 3325 1821 3387 vt
1851 3334 1982 3411 per
1999 3313 2286 3389 multas
2321 3328 2553 3395 aeta·

359 3438 474 3505 tes
515 3430 708 3505 vires
739 3426 851 3503 illi
881 3425 1043 3503 satis
1081 3444 1383 3525 magnas
1420 3426 1618 3503 haud
1656 3424 1797 3503 fiut
1826 3449 2123 3526 recupe
2102 3430 2366 3514 aturi,
2394 3433 2559 3574 ital·

289 3647 296 3659 '
359 3654 544 3735 sines
586 3648 986 3734 incursent.
1069 3652 1453 3734 Caucafios
1492 3646 1818 3771 populos
1854 3656 2291 3755 vicinosque
2316 3657 2521 3735 ahos
2553 3702 2557 3731 2

353 3884 644 4019 liquae
692 3885 1150 3965 continentis
1222 3897 1463 3985 partes
1519 3883 1778 3961 faciem
1844 3882 2122 3961 habent
2183 3887 2555 3977 omnino

276 3976 858 4092 iinmutatam,
895 3998 948 4077 fi
979 4022 1149 4077 cum
1169 4000 1265 4084 iis
1286 3998 1749 4101 temporibus
1788 4019 2196 4101 comparet-z,
2234 4001 2554 4191 ἓυὶὸιιιε
2547 4052 2555 4158 Ι

403 4142 410 4161 ·
2184 4136 2235 4223 p
2291 4136 2392 4215 pu
2437 4138 2491 4193 o

2534 4352 2553 4487 ..ι
