2597 4568
404 289 598 385 240
818 284 832 295 ·
1073 314 1078 319 ·
1245 262 1643 374 J‘Oratia'
1706 256 1757 368 ’ἴ

410 419 419 428 ·
827 406 852 437 x
883 414 890 427 ·
1554 434 1571 447 ,
1600 445 1611 459 N
1842 408 1889 443 r,
2015 428 2023 436 ,

421 495 652 580 ,vtque
701 474 869 566 illa,
955 486 1307 575 tanquam
1351 468 1499 563 sol,
1561 472 1879 573 caligine
1923 468 2262 561 discussa,
2349 489 2513 555 tanto

386 594 726 673 alacriore
755 592 928 669 luce
964 588 1335 687 effulgeat.
1457 584 1769 678 Eueniet
1804 588 1972 676 hoe,
2006 612 2167 686 ,quo
2206 596 2412 687 magis
2450 592 2513 667 de

403 709 584 786 ‘suae
631 710 859 793 vitae,
911 704 1100 803 loci,
1166 697 1430 789 officii,
1487 704 1893 777 rationibus
1928 703 2321 801 diligenter
2352 706 2515 801 dupi-

419 826 566 919 ciet
595 822 920 897 nostrum
961 820 1514 917 vnusquisque,
1573 830 1887 915 agetque
1920 816 1991 891 id
2030 818 2251 923 quod
2272 820 2350 893 iis
2384 842 2515 893 con·

378 936 842 1015 rsentaneum
884 929 1019 1009 effe
1052 930 1513 1031 perspexerit.
1566 926 1850 1007 Interea
1887 928 2102 1007 nobis
2146 932 2327 1007 nilul
2361 930 2513 1007 ahud

419 1050 750 1129 relitlum
787 1048 910 1134 est,
948 1068 1168 1145 quam
1207 1059 1283 1120 vt
1319 1068 1458 1143 pro
1491 1041 1719 1119 salute
1750 1054 1833 1120 et
1854 1044 2363 1123 incolumitate
2384 1050 2511 1122 Aca-

419 1164 708 1243 demiae
740 1162 1245 1259 concipiamus
1283 1172 1496 1244 vota,
1558 1159 1888 1257 dumque
1920 1158 1997 1265 id
2047 1184 2416 1249 curamus,
2464 1172 2534 1251 vl:g

309 1321 345 1329 -·
422 1280 642 1357 tantis
671 1277 907 1355 diuini
941 1275 1264 1364 numinis
1303 1273 1517 1355 boms
1568 1274 1779 1369 digni
1828 1273 2284 1373 iudicemur,
2354 1300 2387 1349 a
2437 1274 2507 1349 di·
2531 1292 2533 1295 ’

399 1398 587 1475 vina
656 1389 1118 1499 indulgentia
1191 1401 1264 1463 et
1340 1387 1791 1486 benignitate
1864 1390 2148 1489 optima
2198 1412 2285 1467 ac
2337 1383 2533 1465 laetif-¹

419 1506 594 1585 fima
649 1526 991 1605 quaeque
1034 1519 1108 1581 et
1169 1504 1511 1605 precibus
1566 1512 1995 1623 expetamus
2053 1518 2131 1579 et
2172 1495 2307 1605 'spe
2370 1493 2534 1579 certt'·

419 1622 906 1723 expectemus.
2491 1601 2531 1648 ·¹

642 1847 925 1933 Verum
962 1864 1131 1923 curn
1173 1842 1286 1925 his
1325 1840 1490 1921 sunt
1534 1842 1713 1927 alia.
1794 1864 1983 1944 quae
2031 1846 2349 1923 nostram
2390 1844 2513 1921 reli·

331 1968 722 2069 -Xgionem
765 1986 850 2039 ac
893 1964 1241 2061 pietatem
1285 1956 1415 2033 fibi
1446 1960 1843 2057 postulant.
1975 1962 2169 2037 Sunt
2221 1986 2351 2061 pro
2399 1974 2511 2035 tota

145 2120 166 2127 -
267 2106 278 2115 ⁸
401 2104 612 2180 rep„
692 2099 831 2176 pro
877 2076 991 2153 his
1034 2074 1241 2151 terris
1290 2068 1731 2172 Brunsuico·
1763 2065 2353 2175 Luneburgicis,
2412 2092 2511 2172 pro

402 2191 792 2306 Principe,
883 2212 1019 2292 pro
1055 2192 1208 2265 eius
1246 2182 1499 2263 amicis
1547 2203 1626 2265 et
1674 2189 2109 2267 administris
2170 2193 2343 2290 reip
2389 2204 2511 2263 vota

281 2386 288 2392 ,
407 2307 764 2386 facienda.
875 2302 1276 2382 Laetamur
1318 2316 1391 2379 et
1428 2301 1888 2379 laetabundis
1938 2307 2253 2385 vocibus
2288 2299 2503 2382 deoO.

179 2451 188 2460 ’
231 2527 236 2536 ¹
356 2451 363 2457 ·
409 2419 522 2502 M.
567 2423 830 2522 gratias
864 2423 1190 2518 agimus,
1245 2440 1413 2492 cum
1450 2417 1541 2492 de
1578 2417 1801 2492 bona
1812 2417 2015 2512 Regis
2036 2421 2282 2504 ,nostri
2315 2413 2507 2495 indul.

410 2533 802 2638 gentissimi
836 2533 1294 2628 valetudine,
1346 2530 1438 2606 de
1483 2531 1783 2626 Regina,
1844 2531 2249 2637 feliciffima
2304 2552 2509 2616 matre,

411 2669 489 2729 et
519 2651 612 2728 de
645 2675 959 2748 progente
997 2643 1471 2744 Regia,1aeta
1512 2639 1815 2742 quaeuis
1846 2660 1922 2720 et
1958 2627 2183 2736 fausta
2216 2652 2509 2724 nuntien-

403 2778 575 2844 tur..
673 2757 976 2838 Vtinam
1023 2763 1100 2842 iu
1142 2760 1280 2835 hac
1316 2772 1705 2846 votorum,
1764 2783 2084 2858 quorum
2134 2766 2279 2838 rei
2278 2762 2509 2840 sumus,

355 2947 368 2954 ,
406 2892 618 2981 parte
649 2876 1042 2958 memorari
1075 2871 1288 2970 possit
1315 2869 1663 2979 Princeps
1700 2871 2247 2978 Sereniffimus-‚
2286 2875 2511 2952 Fama·

406 3013 624 3070 mcvs
681 2985 1116 3066 Avcvs‘rvs!
1195 2989 1469 3082 vtinam
1525 2984 1687 3070 ille,
1779 3009 1928 3085 qua
1992 2989 2526 3088 conspiciendus

368 3121 618 3201 ,antea
667 3116 858 3192 erat,
913 3100 1247 3200 prolpera
1283 3097 1700 3178 valetudine
1733 3100 2003 3180 florens
2042 3103 2157 3179 his
2209 3102 2367 3203 ipfis
2406 3097 2510 3174 sol-

399 3217 756 3300 lennibus
793 3211 1192 3310 intereffet!
1266 3211 1377 3289 Ita
1416 3188 1726 3290 ‘tandem
1774 3221 2101 3296 numeris
2146 3217 2295 3297 suis
2344 3212 2509 3290 abso·

399 3333 560 3410 luta
611 3352 695 3405 ac
735 3326 1044 3426 perfetta
1091 3328 1282 3408 foret
1327 3327 1594 3404 laetitia
1647 3329 1903 3406 nostra.
2030 3331 2267 3424 Quod
2316 3315 2528 3406 facere

349 3512 359 3522 ,
402 3445 622 3530 licet,
657 3445 998 3541 precibus
1037 3444 1397 3540 votisque
1414 3445 1552 3540 piis
1586 3419 1979 3520 adoramus
2004 3469 2283 3522 numen
2315 3441 2381 3522 Ο
2420 3437 2503 3514 Μ.

403 3574 486 3635 vt
513 3555 982 3655 Principem
962 3579 1313 3632 muenem
1344 3571 1491 3630 tam
1541 3557 1926 3654 praeclaris
1963 3557 2295 3636 dotibus
2303 3575 2369 3631 et
2402 3556 2505 3626 vir-

395 3674 687 3749 tutibus
715 3682 1056 3746 ornatum
1082 3683 1470 3768 tantasque
1507 3671 1777 3766 patriae
1812 3689 1886 3746 et
1918 3672 2347 3758 humanitati
2384 3668 2502 3764 spes

169 3831 176 3840 ·
309 3859 321 3866 .
401 3785 896 3864 ostentantem
925 3783 1327 3868 valetudini
1364 3785 1699 3880 pristinae
1737 3767 2079 3874 restituat,
2120 3787 2526 3877 saluumque

405 3917 482 3977 et
513 3898 984 3973 nncolumem
1049 3900 1238 3973 inter
1295 3920 1441 3974 nos
1502 3898 1629 3973 diu
1694 3899 1941 3976 adhuc
1991 3901 2246 3980 versari
2291 3913 2358 3977 et
2399 3890 2505 3970 ali·
2476 3885 2527 4089 -1

393 4013 708 4115 ‚quando
735 4024 1011 4104 *terram
1047 3993 1353 4110 patriam
1403 4009 1709 4106 salutare
1762 4017 2031 4094 iubeat.

834 4158 844 4169 ·
1094 4119 1113 4137 ⁸
1575 4139 1586 4146 “
2376 4120 2504 4200 Sint

2522 4373 2524 4384 l

2455 4404 2462 4412 ’
2523 4405 2524 4490 l

2523 4520 2524 4535 l
