2597 4568
243 364 249 371 .
358 287 558 417 ”324
768 255 1163 379 Certamen
1208 241 1664 385 litterarium
1711 312 1809 377 α.
1835 242 2114 380 XCII.

158 482 165 494 ’
262 520 276 529 ‘
382 498 739 584 facilitate
763 496 839 575 se
878 435 1445 579 commendauit.
1573 490 1898 573 “Audict
1934 492 2218 593 scripti,
2279 450 2520 578 cuius

350 595 893 717 ·symbolu':m·
886 589 1370 707 Exemplaria'
1409 634 1650 705 graeca
1693 622 1828 687 cet.
1911 607 2267 685 laudabili
2335 609 2522 686 dili-

296 734 305 759 '
384 729 633 847 gentia
678 725 927 804 retulit
979 742 1075 804 ex
1118 716 1463 831 Euclide,
1509 721 1957 825 Apollonio
1983 720 2335 821 Pergaeo,
2383 725 2522 805 Ar-

334 833 341 841 ’
384 829 743 929 chimede,
802 862 988 939 quae
1023 823 1394 942 pertinent
1419 828 1512 915 ad
1544 836 2066 937 comparandas
2100 834 2522 935 figurarum

380 948 949 1055 magnitudineS,
993 964 1392 1051 tangentes·
1422 974 1813 1035 cumarum.
1845 950 2244 1042 ducendas,
2279 952 2524 1051 asym-

384 1084 668 1171 motas,
732 1066 1121 1168 parabolae
1164 1064 1716 1166 quadraturam,
1777 1078 1849 1143 et
1890 1066 2340 1171 solidorum,
2406 1070 2524 1143 in-

243 1166 251 1176 ’
292 1214 311 1227 ‘
384 1186 635 1299 primis
668 1183 1196 1271 rotundorum,
1244 1178 1661 1280 superficies
1701 1192 1772 1259 et
1815 1179 2229 1259 mensuras.
2285 1154 2526 1273 Quo-

384 1289 615 1391 modo
648 1321 769 1388 ea,
823 1318 1011 1397 quae
1055 1297 1195 1375 iam
1244 1296 1492 1397 infinite
1517 1320 1745 1393 parua
1793 1294 2141 1409 dicimus,
2205 1293 2520 1371 adfertis

384 1398 709 1495 Euclidis
756 1408 1123 1498 nitantur,
1196 1408 1385 1489 bene
1433 1408 1754 1487 docuit.
1816 1392 2067 1487 Item:
2137 1410 2352 1509 quod
2410 1434 2524 1487 ra·

386 1528 627 1603 tiones
676 1527 766 1603 ab
796 1522 1110 1603 Euclide
1144 1522 1483 1646 aequales
1533 1534 1940 1623 ponantur,
1981 1545 2316 1624 quarum
2372 1523 2519 1601 dif-

224 1741 229 1749 ·
283 1728 295 1737 ,
384 1640 765 1721 ferentiam
798 1637 1200 1739 adsignari
1189 1662 1350 1717 non
1388 1633 1588 1736 posse
1613 1636 2038 1716 ostenditur.
2155 1636 2516 1739 Reliquis

382 1753 649 1854 scripti
668 1753 775 1831 sui
816 1753 1135 1832 articulis
1189 1754 1467 1852 vtique
1459 1749 1898 1830 consensum
1949 1774 2254 1844 eorum,
2315 1772 2558 1852 quae

382 1869 690 1972 antiqui
699 1867 1134 1953 docuerunt,
1195 1887 1367 1941 cum
1412 1863 1711 1944 calculis
1741 1867 2299 1957 recentioribuS‚
2337 1869 2522 1945 illu-

253 2028 259 2037 ·
346 1982 571 2057 strat.
714 1978 1862 2111 Reperiuntur1quidem‚quae
1920 1980 2178 2059 restius
2229 1980 2523 2082 possint

386 2093 801 2182 enunciari,
894 2102 1019 2169 a'ut
1080 2093 1344 2171 maiori
1400 2094 1480 2169 ιιι
1529 2092 1702 2171 luce
1771 2093 2140 2196 collocari.
2297 2094 2548 2175 Haec

385 2220 630 2286 tamen
667 2203 877 2283 facile
921 2200 1328 2286 condonari
1367 2202 1720 2311 possunt
1699 2211 1990 2300 luueni,
2049 2208 2262 2286 cuius
2304 2210 2523 2291 forte

386 2317 704 2423 primum
750 2321 897 2399 hoe
914 2319 1023 2398 est
1065 2317 1422 2398 solidioris
1460 2323 1890 2400 eruditionis
1926 2322 2149 2426 paulo
2183 2325 2555 2425 amplius

254 2439 263 2454 '
314 2465 326 2470 ’
383 2436 771 2550 specimen.
889 2421 1312 2512 Noluimus
1337 2435 1521 2515 adeo
1553 2459 1720 2514 eum
1753 2439 2176 2538 propterea,
2229 2453 2312 2514 vt
2344 2436 2555 2516 ICti

385 2533 840 2650 loquuntur,
894 2539 1211 2627 formula
1232 2550 1542 2639 cadere,
1592 2552 1796 2649 quod
1837 2550 2096 2629 rectius
2122 2554 2555 2632 interdum

387 2662 633 2782 sensit,
670 2684 907 2763 quam
950 2664 1307 2764 loquutus
1351 2665 1474 2743 est.
1578 2660 1683 2740 Et
1727 2665 2101 2757 breuitati,
2175 2669 2299 2770 cui
2357 2670 2518 2746 stu·

388 2755 559 2854 dere
618 2775 833 2855 illum
894 2779 1318 2877 oportebat,
1397 2774 1675 2877 aliquid
1753 2778 1922 2856 dare
1979 2799 2300 2880 aequum
2365 2782 2518 2860 effe

386 2890 615 2970 visum
670 2891 835 2980 est,
876 2913 1051 2968 nam
1094 2890 1184 2970 de
1225 2891 1377 2974 illis
1421 2913 1605 2991 quae
1655 2892 1982 2971 tractauit
2036 2893 2209 2972 libri
2250 2895 2516 2997 scripti

386 3002 577 3086 sunt.
688 3001 968 3102 Itaque,
1008 3027 1161 3082 non
1190 3003 1748 3105 vituperandum
1780 3007 2272 3088 iudicauimus·
2303 3033 2514 3098 eum,

383 3119 560 3218 qui,
624 3133 876 3196 contra
914 3140 997 3194 ac
1041 3109 1265 3197 faber
1284 3115 1771 3208 Horatianus,
1827 3119 1988 3198 satis
2033 3121 2218 3201 felix
2256 3129 2516 3224 operis

126 3305 133 3314 ,
192 3304 197 3313 ,
346 3259 367 3282 -·
388 3208 686 3322 summa,
730 3240 1009 3332 vngues
1026 3246 1117 3310 et
1140 3231 1446 3334 capillos
1478 3236 1726 3311 minus
1751 3233 2130 3313 subtiliter
2139 3239 2450 3340 express
2459 3255 2512 3316 t.

590 3403 882 3498 “Quod
924 3401 1150 3505 igitur
1176 3405 1326 3486 hoc
1357 3407 1812 3508 opusculum,
1847 3410 2219 3512 analyseos
2249 3438 2514 3493 recen-

390 3517 594 3594 tior'is
637 3519 1074 3601 laudandam
1123 3523 1201 3599 iu
1247 3523 1518 3600 iuuene
1562 3524 1959 3605 matheseos
2001 3525 2324 3606 studioso
2377 3553 2512 3636 pe·
2551 3523 2554 3618 ζ

388 3632 679 3708 titiam
704 3633 1052 3724 ostendit,
1146 3637 1619 3748 antiquorum
1702 3663 1876 3726 vero
1953 3656 2508 3738 geometrarum

234 3791 257 3808 ,
310 3835 315 3842 .
388 3745 724 3845 exempla
769 3746 1081 3846 plurima
1125 3750 1474 3827 imitanda
1517 3737 1775 3830 nostris
1819 3757 2122 3846 excitat,
2173 3757 2553 3834 credidit

232 4093 243 4114 ⁸
381 4083 700 4164 vidimus
741 4109 1052 4166 nomen:

272 3907 277 3912 -
386 3853 603 3936 Ordo
636 3857 1099 3958 amplissimus
1148 3863 1335 3949 bene
1369 3864 1812 3954 collocatum
1833 3871 1957 3960 iri
2001 3871 2078 3944 in
2125 3871 2506 3948 auctorem
2551 3841 2553 3946 f

368 3961 725 4068 Regiam
736 3971 1375 4074 munificentiam.”
1486 3967 1753 4082 Aperta
1788 3975 2029 4064 charta
2069 3983 2514 4120 inscriptum
2551 3949 2554 4081 Ι

2257 4181 2264 4186 ·
2383 4151 2500 4232 Io.
