2597 4568
449 237 456 242 ’
520 203 614 313 de
665 172 1284 337 ‚vniuerfitatibus
1336 221 1750 318 litterariis.
2042 243 2144 358 31
2162 247 2203 320 1
2314 197 2347 330 ζ
2390 317 2396 324 .
2462 187 2479 215 ⁸

111 429 176 508 id
221 441 482 508 tantum
535 453 824 530 agere,
817 437 948 507 'vt
999 429 1403 538 adspergas
1431 430 1673 508 labem
1717 431 1815 514 iis
1856 433 2201 514 institutis

113 560 197 620 et
217 547 423 633 viriS,
505 567 829 645 quorum
887 546 1320 644 dignitatem
1384 561 1458 622 et
1517 545 2025 654 auctoritatem
2080 551 2200 626 vel

114 659 394 735 vtilitatis
439 661 781 780 publicae
839 653 1070 742 cauffa
1117 659 1381 739 omnes
1432 662 1614 738 boni
1662 662 2005 740 intaciam
2052 661 2199 741 esse

68 793 70 796 ’
111 771 352 850 volent!

293 885 407 976 Ne
441 904 621 965 vero
651 887 1174 966 declamatorio
1203 911 1435 977 more,
1432 911 1630 990 quo
1657 888 1770 966 illi
1806 890 1906 966 vti
1938 889 2199 980 solent,
2239 944 2261 980 s,

103 1011 164 1076 et
193 999 323 1099 ipsi
335 977 514 1079 haec
553 1000 958 1096 enuntiasse
997 1004 1411 1080 videamur.
1468 1007 1913 1106 attingamus
1959 1009 2202 1105 capita

97 1115 424 1192 nonnulla
485 1139 736 1194 earum
795 1141 1080 1205 rerum,
1170 1139 1485 1216 quatum
1554 1116 2201 1216 reprehensionem
2333 1127 2359 1146 ‘

97 1228 294 1304 facere
333 1228 572 1306 solent
611 1225 829 1308 multi
877 1244 1007 1307 aut
1062 1231 1369 1309 indofle
1403 1245 1529 1307 aut
1578 1232 1833 1332 inique
1886 1247 2011 1308 aut
2058 1235 2201 1310 im-

97 1341 522 1438 prudenter:-
549 1359 626 1419 vt
655 1345 768 1420 his
799 1345 1160 1446 exemplis
1190 1346 1617 1423 muniantur
1648 1346 1918 1422 iudicia
1946 1347 2205 1441 vestra,

101 1453 675 1548 commilitones,
729 1457 1072 1552 aduersus
1113 1458 1518 1536 iuuenilem
1552 1458 1927 1536 leuitatem
1964 1473 2047 1538 et
2072 1483 2201 1558 pe-

95 1569 509 1661 tulantiam,-
547 1585 694 1671 qua
730 1573 1060 1648 exultare
1110 1571 1393 1650 multos
1434 1573 1681 1648 nostis.
1804 1570 1899 1650 Et
1952 1581 2211 1672 primo.
2304 1597 2314 1613 s

97 1686 372 1780 quidem?
398 1687 576 1762 loco
616 1684 1113 1764 desiderantur
1151 1685 1409 1772 multa,
1465 1706 1657 1785 quae
1690 1687 1770 1761 in
1805 1690 2199 1766 academiis

91 1794 196 1875 effe
229 1822 365 1878 nec
399 1795 732 1900 possunt,
784 1824 922 1876 nee
953 1801 1264 1902 debent,
1327 1798 1377 1890 fi
1422 1823 1505 1876 ea
1559 1801 1755 1876 b'ona
1800 1797 2033 1896 adesse
2070 1823 2200 1878 vo-

85 1909 344 2004 lumuS‚
423 1915 699 2013 quibus
749 1915 1162 1992 academiae
1211 1913 1619 1992 censentur.
1754 1911 2203 1992 Rulicorum

91 2023 470 2106 hominum·
496 2026 933 2126 elegantiam
952 2085 974 2118 ‚
1034 2028 1329 2106 facetias
1346 2085 1367 2116 ‚
1427 2029 1887 2106 dicacitatem
1919 2023 2035 2132 {in
2054 2032 2199 2130 cir-

87 2140 282 2227 culis,
339 2161 782 2238 magnorum
839 2156 1190 2248 coetuum
1233 2142 1731 2238 celebritates,
1784 2145 2198 2246 conuictus,

85 2258 424 2345 conuiuia,
465 2248 624 2351 'rsus
655 2257 1160 2357 quotidianos,
1223 2279 1319 2339 ex
1355 2255 1812 2334 vniuersitate
1850 2256 2201 2353 litteraria,
2272 2264 2327 2353 sp
2384 2299 2389 2311 ·

57 2370 354 2448 exulare
395 2392 619 2451 nemo
669 2386 1174 2473 conqueretur
1214 2394 1461 2447 rerum
1512 2369 1675 2447 satis
1704 2371 2197 2481 'intelligens3

58 2482 289 2560 astum
343 2484 436 2561 de
494 2507 574 2560 ea
632 2482 840 2575 esset,
925 2483 978 2561 fi
1021 2482 1202 2563 haec
1249 2508 1333 2561 ac
1382 2483 1877 2564 similia-vitae
1940 2488 2197 2563 acade-

79 2599 286 2675 micae
315 2594 542 2677 essent
575 2598 988 2699 propofita3
1041 2598 1250 2699 quod
1282 2600 1361 2674 in
1400 2602 1587 2675 votis
1635 2600 2033 2689 habemus,
2096 2600 2199 2676 est
2299 2610 2303 2617 '

57 2723 140 2785 -vt
179 2712 577 2803 rusticitas,
643 2715 1204 2812 importunitas,
1273 2716 1648 2817 proteruia
1696 2711 1894 2789 absit.
2016 2712 2093 2791 Si
2154 2737 2197 2790 a

77 2823 576 2933 professoribus
613 2828 1035 2926 expediatur
1069 2842 1145 2903 et
1193 2828 1353 2903 iure
1406 2829 1824 2927 meritoque
1874 2826 2199 2929 postula·

79 2948 205 3028 tur,
274 2954 350 3016 vt
386 2955 462 3016 et
493 2936 754 3026 officiis
793 2941 933 3017 suis
982 2940 1421 3040 peragendis
1455 2956 1529 3019 et
1560 2941 1819 3018 litteris
1848 2966 1941 3018 ac
1990 2940 2200 3019 disci-

77 3052 270 3149 plinis
319 3052 468 3131 suis
516 3054 874 3151 augendis
906 3055 1411 3153 ornandisque
1450 3069 1745 3133 vacent:
1806 3054 2201 3153 quo'modo

57 3168 146 3242 >ab
193 3169 460 3246 iisdem
505 3166 1175 3270 expectaripotest,
1229 3183 1308 3244 vt
1338 3170 1427 3251 in,
1456 3155 1751 3247 circulis
1784 3162 2202 3267 otiosorum

77 3276 444 3359 hominum
498 3280 738 3361 bonas
777 3283 994 3361 horas
1043 3277 1529 3359 consumant?
1604 3282 1799 3359 haud
1850 3286 2048 3359 enim
2097 3280 2201 3361 fa-

77 3395 192 3471 cile
235 3395 614 3498 sermones
661 3397 754 3473 de
824 3400 1044 3473 rebus
1111 3398 1463 3495 grauibus
1536 3415 1665 3473 aut
1722 3397 1953 3473 dodis
2020 3416 2201 3497 cum

77 3506 146 3583 iis
189 3510 496 3600 habeas,
560 3513 690 3609 qui
721 3504 1164 3611 plerumque
1213 3511 1304 3586 de
1350 3510 1487 3586 hac
1526 3509 1919 3587 solitudine
1958 3526 2033 3587 et
2085 3514 2201 3587 in-

75 3619 470 3723 frequentia
519 3640 1126 3722 conqueruntur;
1198 3623 1435 3723 quid?
1514 3623 1722 3725 quod
1777 3623 1827 3701 fi
1884 3648 2057 3701 cum
2112 3628 2205 3701 iis

77 3738 150 3811 ad
180 3755 251 3813 te
277 3728 880 3850 'commeantibus
930 3742 1005 3814 in
1057 3734 1746 3815 confabulationem
1780 3738 2200 3823 descendas,

79 3865 341 3945 praeter
398 3852 866 3933 rumusculos
923 3838 1321 3952 populares
1384 3866 1456 3927 et
1514 3872 1757 3951 gerras
1834 3853 2237 3933 iuueniles

79 3964 499 4069 inanesque,
591 3968 784 4046 nihii
871 3964 1152 4045 habent
1171 3964 1424 4156 ande
1516 3966 1972 4159 sermonums
2006 3969 2204 4043 vices

75 4108 82 4119 ·
1297 4104 1353 4181 4
1424 4138 1429 4157 .
1716 4176 1741 4195 r
1958 4080 2208 4177 ⁸usten-

2275 3383 2322 3427 Χ

2314 3636 2351 3654 Q

2154 4420 2293 4447 -Ακμλ
